1699 2620
450 109 674 160 SAEcum
698 107 759 157 A.
785 108 845 159 C.
871 109 937 159 11.
1219 126 1246 176 3

147 203 195 240 ta
232 188 424 256 collegit
443 189 763 257 Hieronymus
790 190 1052 249 Columna,
1084 190 1252 239 edidit-

146 289 244 338 que
277 270 493 339 Neapoli
522 284 684 336 1590.
711 264 799 332 4.⁰:
839 271 917 319 sed
957 270 1254 334 praestantior

147 363 218 400 est
239 348 378 398 editio
394 350 460 397 H.
483 349 764 408 Wetstenii,
782 367 840 398 ex
863 351 1089 399 recesione
1106 350 1148 400 F
1151 367 1253 398 ran-

148 428 250 478 cisci
271 428 491 479 Hesselii.
509 431 669 479 Amst.
703 445 722 476 1
736 445 868 494 707.
887 424 965 492 4⁰

422 549 711 600 CAEcums
739 551 977 600 STATnJS.

225 668 464 722 Caecilius
488 671 683 730 Statius,
706 671 889 719 natione
911 672 1106 720 Insuber
1132 671 1253 721 Gal·

145 751 245 810 lus,
282 751 542 800 conditione
580 769 762 811 servus,
801 751 938 799 Ennii
970 750 1062 799 fuit
1087 766 1253 800 contu-

147 831 344 880 bernalis
362 846 476 880 teste
498 830 803 898 Hieronymo.
831 832 904 879 Ex
931 831 1027 880 eius
1048 831 1252 880 Comoe‘

149 911 234 960 diis
259 910 374 959 nihil
395 910 524 959 nobis
546 910 783 977 reliquum
810 925 901 970 est,
927 925 1107 975 praeter
1133 910 1253 978 frag-

147 1006 304 1040 menta
337 990 570 1057 quaedam
600 991 647 1038 in
675 989 1049 1039 Collectionibus
1088 992 1254 1039 Poeta-

148 1086 269 1121 rum.
294 1089 341 1121 v.
362 1064 416 1140 §.
438 1070 532 1119 XI.
553 1086 604 1132 4.
646 1127 649 1129 ‚

425 1191 648 1241 MARCUS
691 1191 977 1243 PAcuans.

230 1311 421 1361 Marcus
443 1310 700 1372 Pacuvius,
726 1311 1075 1371 andusinus,
1121 1312 1257 1360 Ennii

152 1409 210 1440 ex
234 1409 383 1440 sorore
407 1409 571 1455 nepos,
600 1392 801 1441 Romam
826 1409 884 1439 ex
907 1391 1126 1441 Calabria
1151 1411 1257 1456 pro-

151 1470 317 1530 fectus,
341 1471 404 1520 ibi
423 1470 604 1519 fabulas
631 1471 804 1520 docuit.
822 1473 882 1530 Is,
909 1490 1016 1519 cum
1040 1489 1257 1538 querere-

152 1564 231 1599 tur
242 1550 380 1600 Actio
403 1550 481 1600 vel
497 1550 613 1599 Ario
636 1552 797 1611 amico,
822 1552 950 1617 quod
971 1569 1089 1600 uxor
1113 1570 1192 1600 sua
1214 1570 1257 1601 se

153 1630 459 1695 suspendisset
495 1630 553 1679 de
591 1631 709 1684 ficu3
750 1632 952 1690 „amabo
995 1644 1064 1690 te,
1108 1630 1259 1697 inquit

152 1731 187 1755 υ
204 1710 398 1770 Actius,
423 1710 482 1758 da
505 1709 617 1757 mihi
643 1728 700 1758 ex
725 1711 806 1759 ista
830 1712 1011 1769 arbore,
1034 1729 1153 1776 quos
1190 1729 1255 1758 se-

151 1811 186 1835 υ
202 1808 300 1838 ram
338 1787 591 1838 surculos.''
634 1789 914 1857 Fragmenta
947 1789 1141 1839 Pacuvii
1178 1808 1257 1837 ex-

154 1883 271 1918 stant
295 1870 341 1918 in
364 1869 569 1919 Collect.
596 1870 850 1919 Poetarum
876 1889 921 1920 v.
948 1864 1001 1940 §.
1021 1870 1115 1918 XI.
1147 1886 1197 1930 4.

476 1991 675 2040 Lucms
718 1992 930 2041 Accms.

232 2110 592 2177 Quinquaginta
629 2129 854 2160 annorum
880 2126 976 2161 erat
1012 2111 1258 2171 Pacuvius,

152 2208 262 2240 cum
285 2205 419 2240 natus
456 2203 525 2240 est
557 2189 734 2240 Lucius
756 2191 952 2251 Accius,
978 2191 1055 2241 vel
1077 2191 1260 2251 Actius,
