1731 2588
480 115 546 180 36
716 109 770 185 5.
794 117 861 165 Χ.
888 117 1088 166 Scizn’T.
1115 118 1326 167 PRAEsT.

553 195 611 243 T.
637 194 851 244 CAsans
877 197 1095 254 Severus,
1134 197 1215 262 qui
1251 212 1361 244 cum
1394 196 1561 262 scriptis

472 273 561 323 suis
586 273 699 321 viros
738 273 1017 340 feminasque
1042 274 1238 324 illustres
1267 275 1560 339 proscidisset;

473 352 749 400 occasionem
771 353 896 402 dedit
918 355 1154 419 Augusto,
1171 367 1225 401 ut
1249 354 1306 402 de
1322 354 1498 403 famosis
1518 356 1562 403 li·

472 431 603 479 bellis
626 432 931 498 cognitionem
954 432 1214 496 susciperet.

550 512 622 558 M.
642 511 929 561 CALLIDIUS
943 549 954 571 ,
977 511 1105 560 cuius
1125 530 1182 560 ne
1203 511 1358 560 ullum
1374 512 1562 578 quidem

470 591 665 637 'verbum
689 603 771 638 aut
793 591 964 639 durum
982 590 1118 639 fuisse
1139 590 1323 651 dicitur,
1343 605 1424 639 aut
1445 591 1561 640 inso-

471 666 590 727 lens,
615 682 697 716 aut
721 670 920 729 humile,
941 684 1021 717 aut
1044 670 1088 717 in
1108 669 1289 736 longius
1310 670 1521 718 ductum.

549 747 606 795 L.
634 749 946 803 TORQUATUS
962 787 972 806 ‚
997 748 1055 796 de
1080 766 1173 813 quo
1198 748 1259 797 ita
1277 747 1442 797 Cicero
1464 748 1565 796 scri-

469 824 565 873 bit:
598 839 721 873 erant
754 827 800 873 in
840 845 894 875 eo
918 827 1141 891 plurimae
1166 826 1344 885 literae,
1368 844 1450 874 nec
1483 844 1564 875 eae

471 902 713 970 vulgares,
736 906 814 953 sed
836 905 1065 954 interiores
1088 906 1314 971 quaedam
1338 918 1385 953 et
1407 922 1560 953 recon-

472 982 593 1029 ditae
619 983 769 1032 divina
791 985 1025 1032 memoria:
1054 1002 1229 1031 summa
1250 985 1496 1031 verborum
1519 998 1564 1031 et

470 1060 663 1126 gravitas
689 1075 734 1109 et
759 1062 1007 1128 elegantia,
1027 1077 1165 1127 atque
1189 1064 1300 1109 haec
1321 1062 1470 1109 omnia
1492 1062 1560 1111 vi-

470 1153 544 1187 tae
569 1140 811 1188 decorabat
834 1140 1029 1207 gravitas
1054 1156 1100 1189 et
1124 1139 1397 1206 integritas.'’

547 1220 604 1266 L.
622 1221 906 1268 MUNATIUS
934 1220 1154 1278 Plancus,
1177 1221 1414 1268 Romanus
1439 1220 1556 1271 Ora-

472 1310 565 1356 tor,
587 1297 817 1346 Ciceronis
836 1298 1106 1362 discipulus,
1128 1297 1211 1363 qui
1235 1315 1339 1345 cum
1357 1296 1561 1345 Galliam

475 1389 697 1423 comatam
720 1390 921 1441 regeret,
945 1376 1240 1442 Lugdunum
1261 1374 1485 1434 condidit,
1504 1388 1562 1423 ut

472 1454 621 1520 inquit
639 1457 693 1501 B.
709 1454 1038 1521 Hieronymus.

550 1534 622 1580 M.
649 1535 917 1582 VALERIUS
943 1534 1139 1582 Messala
1163 1532 1418 1593 Corvinus,
1442 1534 1559 1581 Ora-

472 1624 541 1660 tor
566 1611 897 1676 antiquissimae
923 1611 1186 1671 nobilitatis,
1223 1630 1366 1677 quem
1400 1610 1565 1660 Cicero

473 1690 658 1738 summis
697 1689 909 1738 laudibus
945 1690 1103 1739 efferre
1134 1690 1328 1739 studuit.
1367 1691 1412 1738 Is
1436 1703 1563 1737 ante-

475 1787 614 1835 quam
639 1783 912 1828 moreretur,
951 1770 1156 1818 omnium
1195 1768 1378 1833 penitus
1395 1806 1407 1827 ,
1432 1767 1568 1816 etiam

474 1848 640 1911 proprii
666 1847 851 1896 nominis
875 1848 1046 1896 oblitus
1069 1862 1151 1897 est.

557 1928 720 1975 T1Tus
746 1926 999 1986 Labienus,
1025 1927 1173 1975 dictus
1202 1925 1449 1992 aliquando
1470 1927 1564 1989 Ra-

475 2003 636 2052 bienus
673 2023 698 2051 a
739 2005 1037 2053 maledicendi
1074 2005 1220 2065 rabie,
1244 2005 1388 2054 Cassii
1411 2003 1568 2053 Severi

475 2082 700 2131 familiaris
724 2082 827 2131 fuit.

553 2163 608 2211 L.
651 2162 927 2213 PASSIENUS
964 2163 1155 2225 Rufus,
1189 2163 1343 2231 magni
1383 2161 1568 2212 nominis
1590 2178 1592 2182 ’
