1731 2588
521 103 591 150 40
761 78 813 153 §.
838 84 902 133 X.
929 84 1128 134 SCRIPT.
1155 85 1368 134 PRAEST.

515 164 652 222 fecit,
677 163 803 228 quod
848 162 981 212 etiam
1030 165 1164 212 hodie
1201 163 1435 213 Iulianum
1467 184 1602 215 voca-

517 263 633 293 mus.
658 242 869 291 Mensem
893 242 1134 308 quintilem
1156 261 1178 290 a
1202 243 1381 291 nomine
1406 262 1487 292 suo
1519 247 1602 303 Iu-

518 322 632 370 lium
659 320 1008 385 appellaverunt
1032 321 1240 370 Romani.
1285 323 1358 369 Ex
1382 322 1477 371 eius
1498 324 1602 372 scri-

518 401 605 466 ptis
629 400 685 448 ad
705 418 783 448 nos
802 414 1111 464 pervenerunt
1137 399 1236 447 libri
1255 401 1374 448 VII.
1393 404 1474 450 De
1492 404 1602 451 bello

519 481 728 531 Gallim
754 493 798 526 et
825 481 904 528 De
930 480 1037 527 hello
1063 480 1195 527 civili
1216 477 1316 525 libri
1339 481 1454 538 HL,
1473 497 1602 546 quos,

520 558 795 618 Quintiliani
820 557 1009 615 iudicio,
1053 575 1104 605 ea
1144 556 1437 606 concitatione
1470 558 1605 605 animi

519 636 710 700 scripsit,
734 655 824 701 qua
848 636 1059 684 bellavit:
1082 635 1228 683 onmia
1252 650 1400 683 tamen
1417 651 1602 684 exornat

517 715 627 763 mira
666 715 874 763 sermonis
916 714 1156 780 elegantia.
1205 714 1409 762 Caesaris
1453 715 1604 772 libros,

518 811 611 841 una
637 811 742 841 cum
769 793 999 841 Ciceronis
1025 792 1242 856 epistolis,
1275 792 1418 855 prima
1455 807 1603 841 aetate

519 873 736 939 legendos
778 872 999 920 existimat
1039 874 1196 920 Ioann.
1230 871 1416 918 Ludov.
1443 871 1605 920 Vives,

520 950 856 999 commentaria
889 952 944 999 de
978 952 1086 998 hello
1127 951 1313 999 Gallico
1339 949 1459 998 edita
1499 962 1606 999 sunt

518 1029 716 1093 primum
741 1032 912 1077 Romae
944 1028 1101 1092 1469.
1127 1027 1206 1075 fol.

651 1164 946 1196 EDITIONES
986 1162 1475 1195 PRAESTANTIORES.

521 1267 578 1315 In
605 1261 679 1314 8.⁰
698 1282 805 1313 cum
829 1278 923 1314 not.
942 1282 1034 1314 var.
1053 1265 1208 1332 Lugd.
1229 1266 1420 1314 Batav.
1441 1265 1606 1315 Elzev·

610 1344 766 1392 1661.
1327 1389 1330 1391 Α

519 1440 633 1471 ...ἢ
654 1424 810 1470 Ioann.
837 1423 1014 1487 Georg.
1040 1421 1213 1470 Graev.
1254 1422 1409 1470 Amst.
1445 1437 1463 1469 1
1480 1420 1604 1485 697.

521 1519 717 1551 „cum
743 1515 835 1548 not.
858 1518 950 1548 var.
978 1515 1024 1549 et
1047 1501 1221 1549 Graev.
1241 1500 1397 1566 Lugd.
1419 1501 1607 1548 Batav.

609 1596 627 1627 1
642 1595 673 1643 7
688 1595 705 1626 1
723 1597 768 1644 3.
793 1578 906 1628 Vol.
938 1594 983 1627 2.

522 1677 636 1708 -a
662 1659 827 1705 Thom.
855 1658 1078 1706 Bentleio.
1105 1658 1249 1707 Lond.
1284 1672 1443 1720 1742.

522 1739 577 1786 In
601 1732 675 1799 4⁰
695 1737 739 1783 in
764 1755 898 1784 usum
923 1737 1105 1800 Delph.
1134 1754 1159 1784 a
1184 1737 1340 1784 Ioann.
1367 1733 1607 1784 Goudino.

601 1818 763 1864 Paris.
800 1831 817 1862 1
834 1815 902 1878 67
917 1815 961 1863 8.

522 1912 634 1943 -ει
657 1895 813 1942 Ioann.
836 1893 1041 1942 Davisio.
1062 1893 1340 1958 Cantahrzg.
1372 1907 1389 1939 1
1404 1908 1531 1956 727.

522 1990 636 2022 ...ει
663 1972 824 2020 Franc.
851 1971 1198 2035 Oudendorpio.
1240 1971 1396 2037 Lugd.
1420 1971 1608 2019 Batav.

611 2066 771 2113 1737.
799 2049 911 2099 Vol.
943 2067 987 2097 2.

524 2129 580 2177 In
594 2129 673 2176 fol.
691 2146 715 2176 a
734 2129 851 2178 Sam.
870 2128 1061 2179 Clarke.
1081 2128 1423 2178 Lond.T0nson
1450 2143 1468 2176 1
1481 2143 1515 2191 7
1528 2142 1546 2174 1
1564 2142 1608 2173 2.
