1699 2620
412 129 638 183 SAEcum
662 129 717 180 P.
737 127 798 180 C.
822 129 918 180 IX.
1114 144 1134 180 1
1154 147 1174 201 ς
1192 151 1216 199 3

120 213 239 265 libri
257 212 363 262 III
363 231 398 267 .;
423 213 656 261 habentur
680 210 726 259 in
753 207 1006 277 Spicilegio
1036 210 1231 261 Dache-

118 294 271 354 riam,
297 293 464 343 Paris.
502 307 520 340 1
536 290 600 359 65
620 305 664 360 5.
691 293 845 341 Tomo
869 293 908 341 I.
924 293 1098 341 -De
1134 294 1231 343 Re-

113 377 208 443 gia
229 374 542 431 institutione,
567 372 681 421 ibid.
709 374 864 422 Tomo
883 375 954 424 V.

200 455 674 511 WANDELBERTUS,
708 453 934 502 Monach.
960 465 1008 501 et
1033 452 1233 502 Diacon.

121 535 525 602 Martyrologium
547 533 758 593 metrice,
797 531 909 582 edit.
935 550 960 580 a
982 533 1103 581 Luc.
1128 535 1234 583 Da-

123 613 280 664 cherio
300 615 453 663 Tomo
478 612 546 663 II.
574 611 795 681 Spicileg.
818 626 865 662 et
886 614 1041 662 Tomo
1057 614 1126 663 V.
1145 613 1237 663 edi-

125 693 258 743 tionis
282 693 651 744 veteris...-.De
674 696 785 744 vita
827 705 872 744 ct
909 694 1148 743 miraculis
1187 696 1236 745 S.

127 776 333 829 Goari53
351 786 499 824 exstat
524 773 570 822 in
594 773 725 823 Actis
750 775 831 825 SS.
854 775 1009 824 Tomo
1029 774 1097 823 ΙΙ.
1123 774 1236 825 Iun.

127 854 189 904 ad
213 854 259 902 d.
289 853 338 903 6.

207 936 519 985 AMALARIUS
546 933 719 995 iunior,
757 934 1095 1000 Chorepiscop.
1126 936 1237 985 Me-

126 1014 288 1075 tensis,
312 1016 506 1082 Regula
540 1015 807 1064 Canonicor.
830 1027 876 1065 ct
898 1017 1240 1066 Sanctimonia—

127 1097 238 1145 lium
276 1096 324 1144 in
361 1095 534 1161 Synodo
558 1096 946 1163 Aquisgranensi
971 1096 1242 1165 approbata

129 1193 236 1226 ann.
285 1175 314 1226 8
330 1189 349 1223 1
364 1173 413 1224 6.
435 1194 449 1230 ;
494 1177 578 1226 De
623 1175 959 1226 Praescz'cntia
1000 1186 1047 1225 et
1085 1177 1245 1226 Prae-

129 1255 440 1305 destinatione
465 1256 713 1326 epistolae:
752 1256 1048 1305 continentur
1090 1257 1247 1306 Tomo

130 1335 255 1386 VII.
295 1333 518 1403 Spicileg.
553 1334 1167 1403 Dacheriani.-..Eclogae
1200 1339 1248 1386 in

131 1415 358 1465 Canonem
395 1418 587 1466 Missae
622 1414 732 1465 edit.
759 1434 784 1464 a
808 1415 978 1465 Baluz.
1003 1417 1158 1465 Tomo
1177 1418 1246 1466 II.

130 1494 396 1562 Capitular.
421 1497 614 1563 Regum
637 1495 855 1546 Francor.
889 1494 999 1546 Alia
1022 1495 1121 1545 eius
1140 1498 1248 1546 scri-

132 1590 213 1642 pta
238 1578 468 1625 habentur
493 1576 538 1623 in
562 1575 786 1625 Biblioth.
808 1577 903 1625 PP.
921 1577 1077 1624 Tomo
1094 1578 1246 1629 XIV.

213 1655 437 1716 FLoRus,
453 1655 680 1722 Magister
698 1656 984 1722 appellum,
1003 1655 1250 1707 Diaconus

134 1735 313 1786 Eccles.
335 1737 568 1804 Lugdun.
595 1736 901 1786 Commentar.
916 1738 963 1785 in
982 1754 1092 1786 omn.
1112 1740 1251 1809 epist.

135 1817 185 1865 S.
209 1818 383 1878 Pauli,
421 1819 622 1866 habetur
655 1818 771 1867 inter
803 1818 961 1868 Bedae
994 1819 1177 1883 Opera,
1210 1818 1254 1868 ei

136 1895 252 1946 falso
261 1899 667 1964 ascriptus-..De
678 1899 943 1949 coercitione
956 1897 1253 1959 Iudaeorum,

138 1993 165 2026 a
187 1978 308 2027 Luc.
348 1978 610 2039 Dacherio,
641 1982 797 2029 Tomo
821 1981 861 2028 I.
895 1979 1114 2046 Spicileg.
1140 1980 1252 2029 edit.

138 2060 660 2109 nov..-Commentar.
695 2062 742 2110 in
782 2061 1008 2110 Canonem
1044 2061 1254 2120 Missae,

140 2154 289 2187 exstat
313 2158 406 2188 una
431 2159 540 2189 cum
566 2140 665 2190 aliis
699 2141 831 2191 Floxi
866 2158 1027 2208 opusc.
1060 2139 1106 2187 in
1131 2141 1256 2190 Bibl.

140 2216 237 2267 PP.
257 2221 410 2270 Torno
430 2221 553 2271 XV.
