1699 2620
472 134 695 186 SAEcum
715 137 769 185 P.
791 135 852 188 C.
874 139 914 188 I.
1198 157 1219 207 ς
1239 157 1263 190 1

165 214 356 276 Helvia,
377 215 538 265 nobilis
562 234 614 265 ac
639 216 819 265 erudita
835 220 1066 267 Matrona.
1089 217 1267 268 Adole-

166 313 293 346 scens
313 297 358 344 in
380 297 542 344 urbem
563 311 888 362 comportatus,
907 299 1155 364 praeceptis
1179 299 1270 348 elo-

169 376 386 444 quentiae
424 394 449 423 a
488 391 617 440 patre
656 377 864 426 imbutus
888 392 985 432 est;
1018 392 1270 445 posteaque

168 455 429 505 clarissimos
478 456 546 504 sui
595 457 697 505 aevi
739 457 1040 522 Philosophos
1075 458 1268 508 audivit.

166 535 306 597 Fuit,
342 551 456 586 teste
478 535 775 596 Columella,
814 537 882 586 vir
915 537 1177 586 excellentis
1201 539 1270 585 in-

167 617 293 683 genii
317 630 454 683 atque
477 614 735 669 doctrinae3
761 631 807 665 et
822 656 833 676 ‚
859 617 1019 666 Dione
1043 617 1184 667 Casio
1202 618 1272 665 iu·

169 696 294 756 dice,
334 715 490 745 omnes
529 696 598 744 sui
633 695 849 761 temporis
868 698 1124 757 Romanos,
1146 697 1271 746 mul-

167 787 332 842 tosque
356 776 467 826 alios
491 774 707 842 sapientia
737 778 983 843 superavit.
1006 779 1143 828 Iussu
1164 780 1272 828 Ne·

167 855 287 905 tonis
300 896 311 916 ‚
331 857 464 906 cuius
488 856 640 906 fuerat
665 857 823 906 studiis
841 858 1123 924 praefectus,
1140 857 1272 923 periit

168 936 296 985 venis
315 936 455 985 incisis
472 951 518 985 et
538 955 716 985 veneno
737 940 917 987 hausto.
937 939 1122 987 Praeter
1138 938 1271 986 libros

168 1014 227 1062 de
270 1015 588 1080 Philosophia,
630 1034 746 1081 quos
789 1018 959 1082 scripsit
989 1017 1189 1084 graviter
1224 1031 1272 1065 et

169 1095 468 1155 sententiose,
493 1094 643 1144 eidem
663 1096 930 1145 adiudicant
954 1097 1164 1163 plerique
1189 1095 1273 1145 viri

170 1173 294 1223 docti
319 1175 600 1242 Tragoedias
630 1175 816 1229 decem3
843 1195 955 1243 quas
974 1176 1126 1225 Iulius
1148 1177 1271 1226 Cae-

168 1272 236 1302 sar
263 1254 467 1320 Scaliger
489 1255 614 1303 ultra
640 1256 933 1304 Graecarum
967 1256 1060 1304 vim
1100 1270 1146 1304 et
1179 1256 1271 1305 ele-

168 1333 372 1400 gantiam
397 1333 596 1382 extollit.
633 1335 790 1399 Opera
814 1335 1129 1399 philosophica
1167 1354 1272 1400 pro-

169 1413 356 1461 dierunt
398 1412 598 1477 primum
619 1452 630 1472 ,
680 1432 789 1462 cum
832 1415 1003 1464 Seneca
1050 1416 1271 1474 Rhetore,

168 1493 383 1562 Neapoli
405 1508 422 1540 1
438 1510 508 1558 47
522 1507 566 1560 5.
586 1491 668 1540 fol.
691 1494 972 1560 Tragoedias
990 1494 1161 1560 primus
1183 1495 1273 1543 edi-

168 1572 236 1619 dit
258 1571 406 1623 Andr.
429 1572 626 1633 Gallus,
667 1574 940 1634 Ferrarae,
975 1576 1145 1642 absque
1171 1574 1273 1624 anni

90 1714 95 1722 ‘
168 1662 289 1699 nota.

326 1798 606 1834 EDITIONES
648 1800 1113 1835 PRAESTANTIORES.

166 1890 226 1944 In
249 1889 316 1942 8.⁰
331 1896 419 1966 Op.
437 1898 701 1968 Plzilosoplz.
728 1917 836 1948 cum
859 1911 954 1948 not.
975 1915 1069 1948 var.
1089 1911 1134 1947 et
1152 1897 1269 1948 Gro·

247 1991 354 2023 nov.
380 1979 538 2026 Amst.
575 1979 737 2043 1672.
764 1979 880 2028 Vol.
911 1996 954 2044 3.

167 2071 366 2101 ...sum
391 2071 485 2104 not.
521 2058 675 2106 select.
717 2060 852 2128 szs.
883 2075 1046 2123 1770.
1074 2056 1191 2107 Vol.
1225 2074 1268 2105 2.

164 2134 553 2201 ...Tragoedias
588 2155 644 2185 ex
674 2155 846 2186 recens.
879 2137 1072 2187 Martini
1095 2138 1269 2186 Anton.

242 2213 428 2274 Delrio,
451 2216 609 2283 Lugd.
631 2218 822 2266 Batav.
857 2233 876 2264 1
895 2231 915 2285 5
933 2217 1018 2265 88.
