1683 2604
381 124 490 170 204
670 98 723 174 §.
748 101 867 154 XII.
895 99 1153 151 CoLLEcT.

371 185 706 252 ‘Vulgatae
732 181 939 233 versionis
964 199 1073 229 cum
1090 181 1286 229 Praefat.
1303 181 1467 233 Ioann.

452 263 672 315 Hentenii
684 301 695 322 ,
713 266 947 330 Antuerp.
974 276 993 308 1
1013 261 1136 328 565.
1152 261 1268 311 Vol.
1293 276 1314 328 5
1329 300 1338 308 .
1363 278 1382 309 1
1398 259 1468 310 62³

371 343 704 409 ...Vulgatae
731 340 965 398 versionis,
1004 340 1160 406 Lugd.
1195 359 1270 405 ap.
1291 339 1468 390 Rovill.

460 437 480 472 1
499 437 519 491 5
535 421 621 470 66.
646 421 727 471 fol.

370 537 445 554 ...-
460 520 486 551 a
507 501 751 551 Doctorib.
770 498 1089 549 Lovaniensib.
1109 497 1266 548 denuo
1285 499 1472 568 castiga-

370 637 402 642 ..
450 596 520 641 ta,
546 583 726 631 Lovan.
759 592 920 646 1573.
943 577 1025 626 fol.

374 661 524 712 ...ad
543 658 839 709 vetustissima
855 657 1134 722 exemplaria
1156 675 1279 707 nunc
1300 676 1470 708 recens.

453 739 691 807 castigata,
729 739 787 789 V
778 748 892 786 enet.
912 756 938 786 a
956 736 1237 803 Bevilacqua
1251 775 1264 797 ‚
1309 753 1328 785 1
1347 738 1473 806 576.

452 819 533 868 fol.

372 900 622 951 „Vetus
642 899 847 946 Testam.
872 914 932 946 ex
965 897 1149 946 Graeco
1187 895 1352 945 LXX.
1387 895 1472 944 In·-

450 991 706 1042 terpretum
730 976 893 1025 Latine
917 976 1177 1033 redditum,
1199 993 1305 1022 cum
1330 976 1470 1024 Prae-

377 1111 383 1117 ‚
450 1055 643 1114 satione,
660 1057 782 1105 Not.
806 1067 855 1102 et
876 1053 1028 1102 Schol.
1050 1053 1263 1102 Flaminii
1286 1056 1341 1102 N
1344 1054 1474 1104 obilii

449 1148 497 1182 et
515 1135 642 1182 alior.
670 1135 845 1183 Romae
866 1131 913 1179 in
933 1131 1100 1185 Aedib.
1132 1132 1186 1179 P.
1210 1133 1270 1179 R.
1303 1147 1321 1178 1
1341 1133 1468 1199 588.

452 1212 535 1261 fol.

374 1293 494 1341 Bibl.
512 1294 635 1342 Sacr.
648 1291 892 1358 Vulgatae
909 1289 1114 1339 editionis
1136 1289 1252 1338 Sixti
1271 1289 1338 1339 V.
1360 1308 1470 1341 cum

451 1371 591 1422 Bulla
616 1371 771 1420 Clem‚
796 1371 944 1420 VIII.
978 1372 1152 1418 Romae
1191 1386 1250 1417 ex
1283 1382 1473 1436 typogr.

452 1450 608 1498 Vatic.
641 1466 659 1496 1
679 1464 743 1516 59
757 1466 802 1496 2.
824 1449 906 1496 fol.

378 1528 723 1578 ...secundum
762 1542 906 1576 veter.
951 1526 1287 1575 translationem
1326 1541 1412 1576 etc.
1443 1546 1475 1579 a

452 1610 571 1656 Luc.
589 1607 839 1666 Osiandro,
859 1604 1078 1672 Francos.
1104 1622 1123 1654 1
1139 1606 1167 1653 6
1184 1622 1202 1653 1
1218 1622 1266 1670 9.
1284 1606 1398 1655 Vol.
1422 1623 1467 1671 3.

453 1686 535 1735 fol.
1315 1691 1317 1693 ’

374 1785 570 1825 ‘cum
596 1767 908 1815 Commentar.
932 1767 990 1814 ad
1012 1783 1192 1815 sensum
1217 1764 1469 1813 Literalem

451 1862 498 1894 et
524 1846 739 1909 explicat.
759 1863 1020 1910 temporum
1046 1861 1132 1893 etc.
1152 1862 1288 1908 opera
1314 1845 1470 1891 Iacob.

383 1978 388 1984 ,
450 1925 662 1972 Gordoni
678 1963 690 1983 ‚
714 1927 877 1974 Lutet.
903 1927 1069 1973 Paris.
1104 1941 1122 1972 1
1138 1926 1166 1971 6
1180 1941 1203 1988 3
1221 1939 1265 1971 2.
1283 1923 1399 1972 Vol.
1421 1939 1467 1987 3.

449 2002 530 2051 fol.

368 2101 569 2131 ...cum
594 2083 759 2133 Glossa
785 2083 976 2132 ordinas.
1000 2084 1148 2133 Strab.
1172 2081 1399 2131 Fuldens.
1420 2097 1468 2131 et

442 2162 612 2227 postill.
637 2163 797 2212 Nicol.
821 2162 1017 2231 Lyrani,
1047 2180 1226 2212 necnon
1247 2161 1465 2210 addition.
