1699 2620
482 122 702 172 Sancum
730 119 789 168 A.
815 121 876 170 C.
902 122 941 170 Ι.
1198 141 1265 188 37

167 203 357 262 Orator,
382 219 524 269 quem
548 202 621 250 M.
648 202 821 251 Seneca
844 199 1265 269 eloquentissimum

166 295 316 330 vocat.

243 361 304 410 C.
329 362 546 412 Asmms
580 361 754 420 Pollio,
776 362 990 429 ‘egregius
1027 362 1264 412 literarum

165 440 317 489 fautor
342 454 388 490 et
411 455 630 506 patronus
653 481 664 501 ,
702 441 782 508 qui
803 443 980 490 Romae
1007 442 1264 491 Bibliothe-

163 538 235 569 cas
257 520 428 586 primus
448 522 603 570 erexit.
624 521 791 571 Omnia
816 521 910 570 eius
934 521 1093 586 scripta
1119 522 1263 586 perie-

163 618 234 659 re,
270 614 448 665 praeter
487 601 697 667 epistolas
729 616 816 650 tres
857 602 916 650 ad
947 603 1020 650 M.
1046 601 1266 650 Tullium

164 680 368 745 scriptas,
391 699 511 748 quae
553 695 727 731 exstant
766 680 846 730 lib.
878 697 941 730 10
971 680 1268 747 epistolarum

163 760 221 808 ad
245 759 499 810 familiares.
896 747 902 752 .

243 840 303 890 C.
323 842 540 891 Asmms
563 841 759 901 Gallus,
782 841 1166 901 Pollionis‘filius‚
1188 842 1269 908 qui

164 918 377 969 Ciceroni
400 936 576 985 patrem
601 921 826 986 praeferre
848 940 937 970 non
963 921 1209 970 dubitavit.

241 1000 307 1060 Q.
329 1002 543 1050 Munus
584 1001 834 1060 Scaevola,
862 1001 1077 1050 Pontifex
1111 1001 1266 1050 Maxi-

162 1097 286 1138 mus,
307 1080 388 1147 qui
408 1080 599 1130 Velleio
619 1080 868 1130 Paterculo
893 1080 1033 1129 divini
1054 1081 1269 1129 humani-

162 1177 256 1226 que
294 1159 400 1209 iuris
436 1176 597 1210 auctor
623 1152 845 1210 vocatur:
887 1161 1055 1226 scripsit
1097 1159 1270 1209 librum

164 1238 441 1305 singularem
467 1240 778 1298 notationum,
804 1241 895 1289 sive
932 1239 1266 1288 definitionum.

162 1319 286 1368 Item
307 1318 444 1368 libros
463 1321 648 1379 XVII,
669 1320 838 1386 quibus
864 1319 933 1368 ius
952 1319 1085 1369 civile
1105 1320 1267 1367 consti-

162 1411 326 1446 tutum
363 1417 455 1447 esse
487 1398 656 1464 scripsit
688 1399 991 1463 Pomponius3
1030 1400 1159 1465 quod
1199 1414 1266 1447 ta·

162 1495 267 1526 men
285 1479 530 1527 Eberlinus
554 1479 711 1527 multis
733 1478 986 1527 rationibus
1006 1477 1266 1546 impugnat.

163 1556 444 1624 Fragmenta
481 1559 548 1619 Q.
574 1558 723 1608 Mutii
747 1574 988 1609 servantur
1012 1558 1058 1606 in
1082 1559 1262 1608 Pande-

163 1636 258 1685 ctis.

239 1718 298 1766 L.
337 1719 533 1770 AELIUS
577 1719 772 1780 Gallus,
813 1720 895 1787 qui
934 1738 1024 1768 non
1064 1719 1270 1770 diversus

160 1813 253 1845 esse
279 1798 479 1847 creditur
496 1818 521 1847 a
537 1800 595 1848 L.
615 1800 755 1849 Aelio
770 1839 780 1859 ‚
798 1799 1130 1859 Grammatico,
1148 1802 1267 1849 Var-

160 1875 279 1923 ronis
315 1894 609 1944 praeceptore
629 1919 640 1939 ,
682 1880 851 1944 scripsit
891 1880 951 1928 de
1000 1881 1263 1938 verborum,

159 1972 280 2020 quae
303 1956 361 2004 ad
387 1958 455 2006 ius
479 1959 711 2024 pertinent
737 1958 1078 2027 significatione.
1120 1959 1163 2008 F
1168 1976 1266 2026 rag-

160 2050 312 2083 menta
334 2051 511 2086 exstant
532 2039 576 2086 in
602 2040 787 2107 Digest.

234 2115 521 2166 ANTrsTnis
539 2118 722 2178 LabeO,
740 2120 904 2187 legum
921 2121 1061 2185 atque
1081 2137 1265 2166 morum

153 2194 317 2258 populi
341 2197 538 2245 Romani
566 2198 874 2259 doctissimuS,
914 2198 1265 2248 consulentibus
