1699 2620
412 163 634 213 SAECULI
659 162 713 211 P,
734 162 795 212 C.
819 162 912 211 III.
1119 177 1140 210 1
1157 182 1183 210 0
1200 178 1220 213 1

127 242 322 291 tionibus
353 244 431 290 lib.
455 244 619 292 VIII.
637 284 719 292 ..-
735 242 1009 292 Enclziridii
1043 241 1121 291 lib.
1144 243 1224 291 II.

126 322 496 372 —Enclzirz'dii
516 324 593 372 lib.
616 324 784 391 singul.
817 323 875 371 de
909 341 1004 390 quo
1039 321 1225 371 videndi

126 401 419 462 Charondam,
460 403 709 470 Menagius
729 441 741 462 ,
780 418 828 452 et
864 402 1086 453 Gravina.
1126 403 1223 451 Ex-

125 494 244 530 stant
264 480 521 549 fragmenta
541 483 586 531 in
611 482 828 532 Pandect.

203 563 469 612 DOMITIUS
492 563 722 629 Ulpianus
735 602 746 622 ,
771 562 912 628 patria
930 561 1125 632 TyriUS‚
1144 562 1223 611 sed

122 640 284 709 lingua
305 643 547 693 Romanus
560 683 571 704 ‚
598 644 869 693 Alexandro
889 644 1058 693 Severo
1076 661 1101 691 a
1119 661 1223 691 con·

123 721 226 770 siliis
249 721 354 770 fuit.
397 723 583 789 Scripsit
606 726 689 774 De
720 724 972 774 adulteriis
1002 725 1141 771 libros
1160 723 1222 772 V.

120 838 201 852 ......
217 805 301 852 De
317 804 702 873 appellationibus
718 805 754 852 I
758 807 901 854 V„
918 806 998 853 De
1017 804 1219 852 censibus

120 882 216 930 VI.
228 886 627 951 -ngestorum
649 886 917 934 XLVIII.
933 925 1016 934 ...-
1034 885 1217 952 Dispu-

119 965 344 1011 tationum
365 966 443 1012 lib.
464 967 533 1014 X.
550 1005 631 1014 ...-
650 966 740 1014 Ad
773 967 964 1015 edictum
973 965 1221 1034 praetoris

119 1042 444 1091 LXXXIII
442 1045 649 1093 ..-.Ad
668 1045 862 1094 edictum
895 1045 1114 1099 aedilium
1143 1035 1219 1091 cu'-

117 1122 285 1171 rulium
306 1124 945 1174 IL—Ficleicommissorum
965 1125 1023 1174 V
1014 1124 1053 1172 I
1052 1123 1225 1171 ..-.In·

117 1203 410 1253 stitutionum
435 1205 512 1252 lib.
531 1205 604 1253 II
604 1201 698 1254 ,4
713 1206 804 1254 Ad
822 1207 883 1256 L.
903 1205 1091 1255 Aeliam
1117 1204 1223 1251 Sen-

114 1283 235 1330 tiam
271 1285 347 1331 lib.
386 1286 554 1352 singul.
578 1325 659 1334 .-.
678 1286 767 1334 Ad
798 1286 949 1352 Leges
976 1284 1149 1332 Iuliam
1176 1292 1222 1329 et

115 1362 323 1431 Papiam
345 1367 639 1414 XX—De
661 1365 796 1434 officio
814 1364 1022 1414 Consulis
1040 1363 1116 1411 lib.
1138 1361 1221 1409 H.

113 1482 197 1491 .-
213 1445 296 1492 De
319 1444 454 1512 officio
479 1446 773 1494 Proconsulis
796 1448 864 1494 X.
881 1484 963 1494 ..-
981 1445 1061 1492 De
1084 1441 1220 1510 officio

112 1524 391 1585 Quaestoris
415 1526 489 1574 ΙΙ
487 1564 580 1573 ..-
597 1527 865 1595 Opinionum
891 1527 949 1575 V
939 1525 978 1573 I
977 1563 1071 1575 ...-
1087 1522 1220 1570 Pan-

112 1603 353 1653 dectarum
375 1607 541 1654 Xn...
557 1607 849 1673 Regularum
873 1605 1003 1655 VII.
1023 1643 1104 1652 .,.
1121 1604 1218 1651 Re-

113 1700 374 1751 sponsorum
398 1687 472 1733 II
471 1725 565 1734 ..-
581 1686 671 1734 Ad
691 1686 906 1735 Sabinum
925 1686 1013 1734 LI
1012 1723 1106 1734 .......
1120 1683 1220 1729 Pro

111 1762 414 1813 tribunalium
433 1769 586 1815 Χ-
602 1767 965 1816 Excusationum
998 1767 1074 1814 lib.
1100 1765 1220 1829 sing.

112 1882 195 1891 .-
212 1845 297 1892 De
320 1844 453 1914 officio
477 1846 877 1896 consularium-
894 1849 976 1896 De
998 1845 1132 1915 officio
1149 1861 1219 1890 cu-

112 1925 294 1973 ratoris
313 1927 692 1995 reipublicae...-
709 1929 792 1977 De
813 1926 947 1997 officio
973 1919 1226 1990 Praefecti

111 2004 491 2069 vigilum-De
508 2007 642 2077 officio
662 2007 913 2076 Praefecti
928 2005 1218 2059 urhzt—De

108 2083 247 2151 officio
295 2085 550 2136 Praetoris
592 2090 837 2138 tutelaris.
859 2129 942 2138 -..
961 2090 1044 2138 De
1081 2084 1216 2153 officio

108 2164 488 2225 Quaestoris...-
499 2168 847 2219 Pandectarum
864 2171 943 2218 lib.
962 2168 1119 2234 singul
1122 2201 1217 2211 .--

108 2242 402 2311 Regularum
426 2247 504 2296 lib.
534 2249 701 2315 singul.
719 2289 801 2300 .-
819 2252 903 2300 De
926 2246 1214 2320 sponsalibus
