1731 2588
436 129 503 177 30
672 104 726 180 §
749 110 817 160 X.
844 109 1043 160 sempr.
1067 110 1280 161 PRAEsT.

507 191 727 241 SAEvius
753 189 982 248 Nicanor,
1013 189 1164 238 Marci
1198 190 1419 254 libertus,
1456 196 1515 244 ad

423 267 591 317 famam
616 269 979 335 dignitatemque
1005 268 1210 316 docendo
1231 272 1453 334 pervenit.

503 350 763 397 Annuus
786 347 968 411 Opilio,
993 360 1140 410 pastor
1164 348 1348 410 ovium,
1387 351 1512 400 dein-

424 427 482 475 de
501 428 736 475 cuiusdam
751 425 966 490 Epicurei
986 425 1193 485 libertus,
1213 445 1320 476 mox
1340 429 1511 479 Gram-

421 507 630 554 maticam
672 505 843 554 docuit.
883 503 1142 554 Volumina
1180 506 1328 555 multa
1365 509 1510 557 erudi.-

422 584 552 633 tionis
590 585 737 634 variae
777 583 1051 649 composuit,
1090 601 1210 650 quae
1251 585 1400 635 omnia
1440 587 1508 636 in-.

420 665 653 712 terierunt.

497 746 569 791 M.
595 745 866 792 ANTons
908 741 1123 806 Gnipho,
1149 741 1346 803 Gallus,
1377 744 1509 794 cuius

420 823 618 870 scholam
642 822 830 880 Cicero,
852 840 961 870 cum
985 836 1197 885 praetura
1221 820 1508 888 fungeretur,

416 900 708 966 frequentare
733 901 920 950 solebat.
953 899 1138 964 Scripsit
1177 898 1295 948 inter
1329 900 1415 950 alia
1449 902 1508 951 de

418 978 581 1027 Latino
605 998 804 1028 sermone
825 978 1061 1028 volumina
1093 979 1188 1026 duo
1199 1016 1212 1037 ,
1248 996 1368 1044 quae
1397 996 1505 1028 cum

416 1058 571 1106 ceteris
595 1058 716 1106 illius
731 1057 963 1123 Operibus
987 1056 1306 1106 desideramus.

492 1138 564 1184 M.
590 1137 872 1186 Pompums
892 1136 1202 1195 Andronicus,
1225 1136 1403 1185 natione
1423 1138 1501 1205 Sy-

413 1232 487 1262 rus
501 1254 511 1273 ‚
529 1216 704 1263 Romae
722 1215 1081 1264 Grammaticam
1106 1214 1278 1262 docuit.
1304 1215 1502 1280 Scriptos

412 1295 469 1341 ab
509 1312 553 1341 se
571 1294 772 1342 Annales
810 1293 1003 1343 sedecim
1032 1293 1235 1342 millibus
1253 1310 1500 1343 nummum

412 1373 638 1431 vendidit,
660 1392 773 1439 quos
809 1372 972 1420 deinde
997 1372 1201 1420 Orbilius
1222 1372 1430 1432 redemit,
1451 1387 1499 1423 et

410 1451 693 1517 evulgandos
718 1452 910 1499 auctoris
935 1450 1114 1499 nomine
1139 1450 1329 1500 curavit.

487 1531 735 1579 Omnmus
762 1530 976 1594 Pupillus
993 1568 1005 1588 ,
1043 1529 1187 1578 clarus
1213 1530 1491 1578 Grammati-

407 1624 510 1667 cus,
533 1609 613 1674 qui
637 1623 901 1673 praeceptor
923 1608 1012 1656 fuit
1032 1607 1234 1667 Horatii,
1271 1622 1317 1656 et
1349 1627 1494 1673 prope

408 1687 466 1734 ad
491 1688 786 1736 centesimum
804 1688 960 1736 aetatis
984 1704 1154 1735 annum
1174 1687 1302 1736 vixit.

482 1768 713 1816 ATTEIUS
726 1806 736 1825 ,
754 1766 895 1830 patria
912 1764 1213 1825 Atheniensis,
1231 1765 1308 1814 sed
1328 1766 1492 1815 Gram-

404 1844 593 1893 maticus
618 1845 832 1904 Latinus,
858 1843 1158 1908 Gniphonem
1177 1843 1378 1896 audivit3
1413 1864 1491 1908 po-

405 1936 495 1970 stea
520 1925 717 1972 scholam
736 1924 914 1988 aperuit
929 1942 955 1971 a
978 1923 1132 1971 multis
1154 1936 1199 1970 et
1217 1921 1345 1970 claris
1365 1922 1491 1972 iuve-

402 2001 532 2049 nibus
580 2002 935 2068 frequentatam.
976 2001 1190 2051 Asinium
1231 2001 1490 2052 Pollionem

399 2081 691 2128 Rlietoricam
715 2082 886 2130 docuit.

479 2159 775 2210 CORNELms
812 2160 1060 2225 Epicadius
1087 2197 1099 2220 ,
1131 2161 1490 2222 Grammaticus,
