1699 2620
453 91 673 141 SAEcum
698 91 760 139 A.
782 89 843 138 C.
869 90 909 138 Ι.
1161 107 1227 157 39

139 171 403 239 ...Glasg.
437 186 597 235 1749.
620 183 666 218 et
695 185 713 218 1
729 183 856 237 751.

140 268 254 302 -a
270 251 422 300 Caiet.
441 249 639 313 Vulpio.
660 250 846 298 Patav.
863 247 1047 297 Comin.
1069 264 1088 299 1
1101 265 1169 315 72
1183 267 1208 299 2
1220 289 1229 299 .

140 330 495 396 *Birmingh
520 329 739 377 Baskerv.
774 327 934 393 1776.

139 412 389 478 ...Opera
410 427 517 458 omn.
537 426 704 457 excusa
724 407 782 456 ad
803 406 1049 456 editionem
1067 408 1233 469 Cordi,

216 506 324 536 cum
346 487 620 537 editionibus
636 486 959 552 Havercampii
976 501 1022 536 et
1039 488 1233 537 Gabrie-

216 567 269 616 lis
291 566 479 616 Antonii
501 567 728 618 collatam.
758 567 905 617 Lond.
925 584 998 631 ap.
1019 567 1079 615 T.
1105 582 1151 616 et
1171 569 1229 615 T.

216 647 373 714 Payne
407 647 569 712 1789.

137 723 195 777 In
221 720 295 790 4.⁰
317 726 363 774 in
397 744 535 775 usum
570 724 751 791 Delph.
785 743 812 774 a
842 726 969 775 Dan.
1005 726 1231 792 Crispino.

216 807 380 855 Paris.
418 821 436 853 1
452 805 480 854 6
494 822 581 870 74.

137 903 253 935 ...α
275 886 473 950 Iosepho
492 887 659 935 VVase.
679 885 880 934 Cantab.
916 900 934 933 1
948 902 980 950 7
995 902 1012 934 1
1029 904 1075 934 o.

136 982 253 1014 ...a
289 964 446 1030 Sigeb.
485 965 820 1028 Havercampo.
861 965 1017 1013 Amst.
1070 979 1229 1030 1742,

215 1043 330 1094 Vol.
364 1059 409 1091 2.

136 1141 252 1173 -a
273 1123 409 1172 Gott.
432 1122 611 1173 Cottio.
633 1123 766 1191 szs.
795 1137 954 1187 1724.
990 1138 1151 1189 1730.

135 1202 652 1270 -Birminghamz'ae‚
677 1201 984 1263 Baskerville,
1018 1219 1179 1269 1773.

135 1285 192 1334 In
227 1280 307 1330 fol.
343 1299 369 1330 a
406 1283 560 1331 Seren.
601 1283 670 1330 D.
700 1281 949 1345 Hispaniae
988 1282 1099 1331 oh'm
1138 1282 1229 1332 Ins.

214 1362 419 1412 ¹Matrix&
453 1377 473 1410 1
486 1377 558 1426 77
573 1375 614 1410 1.
635 1361 740 1409 Lat.
759 1360 895 1425 Hisp.

463 1483 641 1532 Iumus
676 1482 897 1531 CAESAR.

215 1603 308 1651 Sex
326 1601 449 1650 annis
465 1615 567 1666 post
585 1600 817 1652 Ciceronis
839 1613 993 1649 ortum
1015 1613 1147 1650 natus
1166 1616 1231 1651 est

136 1680 280 1730 Gaias
300 1681 452 1730 Iulius
472 1681 664 1740 Caesar,
683 1682 999 1731 Romanorum
1024 1681 1230 1730 omnium

132 1758 559 1820 excellentissimus,
594 1759 678 1826 qui
708 1759 832 1808 domi
856 1759 994 1809 literis
1019 1760 1229 1827 ingenuis

133 1857 159 1887 a
194 1840 267 1887 M.
290 1840 403 1889 Ant.
431 1839 685 1904 Gniphone
727 1840 957 1899 imbutus»,
1000 1840 1230 1905 perfectus

134 1918 275 1966 evasit
296 1918 487 1978 Orator,
512 1919 629 1967 adeo
649 1932 728 1978 ut,
767 1918 933 1967 Tullio
953 1933 1091 1978 teste,
1122 1921 1229 1968 nul-

132 1996 207 2045 lus
230 1996 372 2044 fuerit
390 2013 494 2047 ante
516 1998 651 2046 illum
676 2012 756 2047 aut
778 1997 956 2046 acutior
985 1999 1232 2059 sententiis,

134 2091 218 2125 aut
242 2077 389 2125 verbis
414 2077 626 2126 ornatior.
652 2078 812 2126 Fastos
837 2077 1046 2126 correxit.
1071 2080 1232 2127 Annos

133 2156 192 2204 ad
210 2155 311 2204 solis
331 2173 516 2205 cursum
537 2156 755 2206 distinxit.
776 2156 1112 2206 Kalendarium
1134 2175 1233 2205 con·
