1731 2588
451 118 520 167 28
688 111 740 186 §
764 117 830 165 X.
857 117 1057 167 Serum.
1082 118 1293 166 PRAEST.

441 197 575 257 Asia,
614 196 804 244 triennio
841 209 942 260 post
962 196 1232 262 Virgilium.
1275 198 1342 245 At
1369 200 1531 247 Macer

442 277 524 341 qui
550 275 885 334 circumfertur,
910 274 1095 324 Galeno
1115 290 1182 324 est
1201 276 1437 340 posterior,
1460 277 1529 324 in-

441 354 542 419 quit
563 355 768 405 Vossius.

883 433 1084 482 VARRO.

464 548 467 549 γ
516 515 589 562 Μ.
617 513 862 562 Terentius
883 515 1059 572 Varro,
1094 512 1238 577 patria
1275 515 1529 574 Romanus,

440 594 620 642 Graece
642 611 692 640 ac
712 592 875 641 Latine
898 591 1178 640 doctissimus
1202 592 1305 640 fuit.
1343 594 1528 642 Praefe-

439 688 537 721 ctus
560 691 583 720 a
609 673 804 721 Caesare
829 670 1117 719 Bibliothecis
1135 672 1323 720 Graecis
1340 672 1530 720 Latinis-

437 772 529 819 que
561 750 866 815 comparandis
902 764 1044 815 atque
1084 750 1350 815 dirigendis;
1392 750 1528 799 literis

438 850 481 879 se
502 846 653 879 totum
675 829 870 878 tradidit.
908 830 1027 877 Tam
1052 828 1196 876 multa
1222 828 1360 894 legit,
1383 828 1532 894 inquit

438 912 483 960 S.
509 909 821 975 Augustinus,
845 922 901 955 ut
930 906 1104 973 aliquid
1144 906 1185 955 ei
1224 907 1413 955 scribere
1449 926 1529 957 va-

436 1007 551 1037 casse
595 989 855 1036 mirandum
892 986 976 1038 sit3
1014 1001 1108 1034 tam
1139 985 1288 1033 multa
1332 986 1529 1050 scripsit,

434 1086 573 1134 quam
606 1067 754 1114 multa
780 1065 858 1113 vix
884 1064 1127 1130 quisquam
1159 1064 1313 1129 legere
1352 1065 1529 1128 potuis-

434 1145 551 1195 set.''
603 1144 901 1211 Septuaginta
947 1143 1258 1190 hebdomadas
1306 1142 1529 1191 librorum

434 1228 479 1274 h.
500 1244 537 1274 e.
571 1224 705 1272 libros
730 1238 839 1286 490
868 1221 1171 1285 conscripsisse
1197 1221 1400 1269 traditur.
1438 1223 1528 1271 Sex

432 1318 613 1352 tantum
635 1341 646 1361 ‚
702 1319 852 1366 neque
909 1299 1075 1367 integri
1105 1339 1117 1359 ‚
1168 1315 1413 1364 supersunt
1468 1318 1528 1349 ex

431 1383 652 1439 XXIV„
678 1399 792 1446 quos
827 1379 883 1426 de
905 1379 1095 1444 Lz‘tggua
1120 1379 1304 1427 Latina
1339 1379 1522 1442 scripsit.

429 1461 741 1525 Reliquorum
781 1457 1033 1523 fragmenta
1076 1456 1263 1522 collegit
1293 1458 1521 1505 Antonius

427 1538 725 1606 Augustinus
784 1537 1266 1602 Caesaraugustanus.
1330 1537 1521 1584 Exstant

426 1633 660 1682 praeterea
678 1615 895 1665 Varronis
916 1615 974 1662 de
999 1617 1072 1663 Re
1093 1616 1272 1663 rustica
1300 1614 1402 1662 libri
1426 1616 1520 1663 III.

427 1698 596 1746 Cetera
639 1695 761 1743 illius
809 1694 968 1757 scripta
1014 1692 1207 1756 periere.
1265 1693 1517 1741 Commen-

425 1790 505 1824 tar.
533 1776 590 1823 de
610 1775 681 1822 Re
707 1771 870 1820 rustica
904 1771 1078 1835 saepius
1104 1770 1271 1835 prodiit
1293 1789 1401 1818 cum
1422 1772 1515 1820 Ca-

423 1855 559 1912 tonis,
585 1851 911 1910 Columellae‚
957 1865 1002 1899 et
1035 1849 1227 1897 Palladii
1257 1849 1425 1913 scriptis
1458 1850 1517 1899 de

402 1933 582 1980 <eadem
606 1931 803 1978 materia.
829 1948 873 1978 v.
899 1923 951 1998 §-
977 1930 1070 1977 XI.
1094 1947 1142 1990 4.
1167 1928 1293 1976 Libri
1317 1929 1381 1976 de·
1400 1928 1513 1978 Lin-

420 2029 517 2076 gua
563 2009 727 2058 Latina
777 2007 1046 2072 prodierunt
1097 2007 1297 2072 primum
1350 2008 1512 2057 Wnet.

429 2083 688 2153 14274-4·0
