1699 2620
447 154 670 203 SAECUH
695 153 750 200 P.
772 152 833 202 C.
859 153 954 202 VI.
1158 170 1177 203 1
1195 173 1217 220 3
1234 174 1258 222 3

158 233 255 300 pita
282 233 574 300 undeviginti
612 232 893 282 distinctum.
931 231 1106 282 Prodiit
1131 252 1266 300 saepe

158 313 291 374 alias,
316 313 394 363 sed
416 312 670 380 castigatior
695 312 740 361 in
761 312 1056 363 Collectione
1088 315 1261 364 Gram-

156 393 360 442 maticor.
383 392 683 443 Gothofredi.
703 412 748 442 v.
766 387 819 463 5.
840 395 907 443 V.

233 473 536 532 DIOMEDEs,
562 472 709 522 clarus
745 473 1112 533 Grammaticus,
1156 474 1260 523 scri-

155 551 246 619 psit
266 555 351 603 De
374 555 598 603 orationis
612 554 840 624 partibus
860 591 871 611 ‚
895 567 943 602 et
966 556 1103 602 vario
1129 556 1259 603 Rhe·

154 644 302 682 torum
315 651 486 701 genere
523 633 664 682 libros
687 644 799 683 tres.
837 634 1001 683 Exstat
1024 633 1069 681 in
1092 633 1260 683 Colle·

153 711 379 762 ctionibus
398 713 751 763 Grammaticor.
777 715 943 763 Paris.
980 729 998 761 1
1018 727 1038 779 ς
1060 728 1077 761 1
1094 713 1141 761 6.
1162 752 1173 773 ‚
1211 727 1258 763 et

151 793 315 841 Wnet.
354 809 374 842 1
393 807 413 862 5
434 810 452 842 1
467 811 516 861 9.
536 831 548 854 ,
588 808 635 843 et
658 793 705 842 in
729 793 1011 843 Collection.
1037 793 1256 843 Putschii.

150 887 195 920 v.
216 866 255 942 5
261 911 270 920 .
287 874 354 922 V.

244 953 542 1004 IoRNANDEs
562 993 574 1014 ,
616 955 890 1004 Gothorum
933 953 1133 1003 notarius
1153 994 1164 1015 ,
1210 968 1256 1003 et

145 1044 302 1096 postea
320 1033 575 1098 Episcopus
595 1036 815 1084 Ravenae
830 1073 842 1093 ‚
865 1034 1147 1099 temporibus
1168 1036 1251 1083 Iu-

139 1110 318 1159 stiniani
342 1112 515 1162 floruit.
561 1114 607 1163 Is
632 1132 656 1163 e
682 1129 888 1180 quatuor
920 1114 1104 1164 Annaei
1125 1113 1257 1163 Flori

140 1188 262 1239 libris
273 1192 407 1257 Opus
423 1188 708 1243 concinnavit
718 1196 801 1245 De
821 1212 1061 1262 regnorum
1081 1204 1126 1243 et
1145 1205 1251 1243 tem-

125 1287 296 1339 porum
321 1275 609 1323 successione.
646 1275 808 1323 Exstat
831 1274 876 1321 in
898 1274 1109 1338 Corpore
1133 1274 1251 1325 Scri-

137 1364 329 1414 ptorum
353 1351 580 1402 Historiae
604 1355 855 1403 Romanae.
882 1373 926 1402 v.
954 1349 1007 1425 5.
1035 1354 1128 1403 ΧΙ.
1151 1372 1200 1417 4.

216 1429 541 1481 CREscomus
568 1433 832 1499 Corippus,
854 1433 1100 1483 Africanus
1133 1435 1250 1483 Poe-

135 1520 182 1557 ta
201 1547 213 1568 ,
237 1510 407 1575 scripsit
443 1511 649 1561 versibus
676 1513 952 1563 hexametris
987 1516 1250 1582 Panegyri-

134 1607 231 1638 cum
255 1591 394 1639 breve
416 1590 461 1638 in
481 1591 669 1641 laudem
696 1593 955 1642 Anasthasii
977 1594 1251 1653 Quaestoris

133 1682 183 1716 et
206 1669 421 1736 Magistri
457 1670 504 1718 in
529 1672 637 1720 aula
660 1672 825 1722 Iustini
849 1674 945 1727 II.;
986 1675 1245 1740 Panegyri-

131 1767 230 1797 cum
250 1748 294 1797 in
312 1749 499 1798 laudem
517 1751 682 1801 Iustini
703 1752 904 1806 minoris3
928 1756 1009 1803 De
1028 1754 1246 1802 laudibus

132 1828 317 1878 Iustinz'
351 1825 537 1879 mz'n'oris
576 1833 717 1881 libros
754 1833 855 1882 IV.
883 1833 1094 1882 Prodiere
1137 1849 1245 1881 cum

131 1907 246 1956 notis
264 1909 508 1958 Michaelis
524 1911 683 1960 Ruizii
699 1913 883 1980 Assagri
898 1953 907 1973 ‚
925 1914 1018 1962 sive
1039 1912 1096 1960 de
1116 1913 1242 1960 Aza-

129 2004 212 2053 gra
232 2026 242 2045 ‚
267 1988 440 2053 Hipani
458 2028 470 2048 ,
494 1992 730 2062 Antuerp.
758 2008 774 2041 1
796 1994 860 2061 58
877 2010 919 2043 1.
950 1989 1019 2043 8.⁰
1064 1991 1238 2042 Acced.

127 2065 253 2114 Petri
274 2068 513 2132 Apollonii
539 2070 736 2121 Collatii
760 2074 959 2123 Carmen
985 2074 1040 2122 de
1067 2074 1238 2121 excidio

124 2146 566 2214 Hierosoly’vnitano.
610 2152 935 2202 Emendatiora
965 2152 1236 2217 prodierunt

124 2221 321 2294 Corippi
337 2245 456 2295 quae
477 2247 736 2295 supersunt,
755 2248 942 2284 curante
960 2229 1232 2284 Nicol.Rit-
1255 2273 1258 2275 .
