1731 2588
452 130 487 175 4
703 105 755 180 5.
774 111 840 159 X.
864 111 1064 160 ScRn‘T.
1084 111 1298 159 PRAEST.

454 192 545 240 sive
568 189 723 239 Attius
744 190 1006 255 parentibus
1027 189 1256 238 libertinis.
1275 186 1388 237 Eius
1407 186 1542 237 fabu-

455 270 542 328 las,
577 287 688 335 quas
717 269 886 334 scripsit
909 269 1150 332 plurimas,
1191 268 1304 316 tanti
1338 266 1548 316 fecerunt

456 348 652 397 Romani
678 368 690 400 ;
740 362 795 396 ut
847 349 899 396 P.
941 348 1125 396 Mutius
1180 347 1548 396 condemnaverit

457 427 727 492 quemdam,
759 427 840 493 qui
865 441 1070 475 nostrum
1105 425 1430 474 contumeliose
1462 444 1545 473 no-

458 506 720 554 minaverat.
761 505 964 553 Pacuvio
995 505 1148 553 iudice
1172 522 1329 552 sonora
1353 519 1480 554 erant
1501 518 1549 553 et

459 585 661 650 grandia,
682 602 800 650 quae
818 584 1038 633 scribebat
1054 583 1245 637 Acelus3
1270 583 1348 631 sed
1367 582 1551 632 duriora.

462 663 732 727 paullulum
753 677 799 712 et
823 664 1063 712 acerbiora.
1084 664 1276 710 Exstant
1294 661 1553 727 fragmenta

464 761 582 806 quae
619 756 863 807 supersunt
894 742 940 789 in
972 741 1260 792 Collectione
1283 741 1546 790 Poetarum.

465 837 509 867 v.
529 816 583 890 5.
607 822 698 870 XI.
724 839 771 884 4.

777 943 940 992 CAms
973 944 1235 992 Lucnws.

543 1061 721 1111 Prirnus
744 1062 788 1110 in
813 1064 947 1112 Latio
967 1101 977 1121 ,
1005 1062 1084 1127 qui
1109 1076 1305 1129 satyram
1337 1056 1555 1117 condidit,

469 1139 558 1187 {uit
582 1141 724 1189 Caius
745 1142 977 1200 Lucilius,
1015 1159 1096 1205 per
1127 1159 1179 1189 ea
1199 1154 1425 1203 tempora,
1450 1136 1556 1202 qui-

471 1219 557 1266 bus
598 1219 835 1287 Carthago
873 1219 1089 1271 Romanis
1127 1218 1408 1267 deditionem
1436 1215 1555 1263 fecit.

472 1296 587 1356 Hic,
612 1317 777 1366 magno
798 1300 1029 1364 praeditus
1050 1297 1250 1364 ingenio,
1280 1313 1433 1345 versus
1455 1292 1559 1342 scri·

472 1376 610 1423 bebat
645 1376 803 1426 festivo
837 1378 936 1426 satis
966 1390 1012 1424 et
1031 1378 1206 1424 urbano
1235 1375 1349 1423 stilo.
1383 1376 1440 1423 In
1463 1373 1560 1421 eius

473 1453 641 1517 scriptis
680 1470 889 1519 apparet,
925 1455 1073 1520 inquit
1095 1453 1283 1502 Tullius
1301 1492 1313 1512 ,
1336 1451 1563 1500 urbanitas

475 1549 673 1592 summa,
696 1534 896 1583 doctrina
918 1533 1165 1582 mediocris.
1204 1534 1322 1582 Sunt
1357 1530 1439 1597 qui
1459 1547 1564 1578 cen-

476 1626 614 1670 seant,
632 1612 846 1661 familiam
858 1612 1084 1661 Lucillam
1102 1629 1182 1676 per
1204 1611 1377 1660 Caium
1400 1608 1567 1657 factam

476 1707 568 1736 esse
595 1685 897 1744 Senatorian13
939 1709 1142 1755 eumque
1179 1690 1392 1738 maiorem
1420 1705 1563 1736 avun-

480 1767 642 1815 culum
676 1769 809 1818 fuisse
834 1768 1038 1833 Pompeii
1062 1770 1134 1817 M.
1177 1767 1289 1815 Eius
1312 1766 1569 1832 fragmenta

480 1860 659 1895 exstant
684 1847 728 1894 in
749 1849 958 1913 Corpore
983 1865 1103 1895 omn.
1130 1861 1274 1895 veter.
1304 1845 1568 1893 Poetarum.

481 1939 526 1971 v.
550 1919 600 1991 5.
628 1926 719 1974 XI.
749 1944 826 1987 4.;
859 1942 907 1975 et
941 1925 1120 1974 seorsim
1153 1943 1178 1972 a
1208 1925 1370 1973 Franc.
1397 1925 1569 1973 Douza

486 2001 689 2052 collecta.
717 2006 870 2071 Lugd.
892 2006 1080 2054 Batav.
1118 2016 1277 2071 1597.
1304 1996 1376 2065 4⁰
