1667 2604
431 143 500 190 42
670 121 723 196 §.
747 125 812 174 X.
839 125 1034 176 Serum.
1061 126 1270 175 PRAEsT.

430 206 791 263 Veronensium,
815 221 871 252 ex
894 204 1158 253 nobilissima
1173 242 1184 263 ‚
1216 218 1273 252 ut
1297 205 1509 266 creditur,

430 284 754 334 Corneliorum
786 297 937 348 gente.
980 284 1037 330 T.
1069 282 1322 346 Pomponio
1353 286 1509 333 Attico

430 381 622 412 coaevus
646 375 690 410 et
711 361 880 409 amicus
897 359 1001 408 fuit.
1018 360 1208 408 Exstant
1226 361 1347 409 illius
1367 362 1509 411 Vitae

426 440 753 490 excellentium
776 441 1109 506 Imperatorum
1124 439 1243 487 XX.
1257 477 1269 499 ,
1285 456 1390 487 cum
1411 442 1506 489 bre-

428 519 473 569 vi
494 519 551 567 de
575 520 783 585 Regibus
807 519 1042 566 Persarum
1066 531 1204 583 atque
1223 518 1507 568 Graecorum

427 597 818 646 commentatione.
838 595 995 645 Utitur
1009 597 1171 660 Nepos
1187 595 1332 644 verbis
1352 596 1506 660 planis,

424 676 595 724 usitatis
610 714 620 734 ,
644 690 688 725 et
711 674 978 740 perspicui53
1008 674 1217 739 adeoque
1239 691 1345 721 cum
1369 675 1503 723 Cice-

427 772 533 803 rone
547 793 557 813 ,
582 769 718 820 atque
739 754 932 802 Caesare
952 752 1008 800 de
1031 752 1181 815 palma
1201 764 1367 801 certare
1386 753 1506 801 vide·

425 846 515 881 tur.
540 833 650 880 Eius
676 849 792 897 quae
824 845 1063 894 supersunt
1088 832 1256 894 Opera,
1281 832 1365 878 sub
1389 830 1503 880 falso

426 911 611 960 Aemilii
644 909 777 958 Probi
812 908 988 957 nomine
1013 906 1129 976 (qui
1151 908 1380 956 Librarius
1411 907 1503 957 fuit

422 991 508 1037 sub
527 988 782 1036 Theodosio
799 983 1113 1054 Imperatore)
1129 985 1392 1052 prodierunt
1409 985 1503 1053 pri-

426 1085 551 1115 mum
572 1069 730 1116 Venet.
765 1082 782 1113 1
797 1082 866 1130 47
881 1081 922 1112 1.
946 1063 1027 1113 fol.

554 1201 845 1234 EDITIONES
884 1199 1364 1233 PRAESTANTIORES.

422 1305 477 1352 In
504 1302 573 1353 8.0
594 1323 699 1353 cum
721 1318 814 1353 not.
836 1321 928 1353 var.
951 1303 1106 1369 Lugd.
1129 1303 1317 1351 Batav.
1342 1301 1500 1371 1675.

420 1385 646 1431 —Oxom
679 1383 836 1446 1697.

419 1463 690 1509 u-Pataw
713 1459 895 1509 Comin.
930 1474 1088 1522 1720.

419 1541 561 1587 -ab
587 1540 714 1605 Aug.
750 1556 837 1587 van
865 1537 1097 1587 Staveren.
1128 1537 1283 1604 Lugd.
1308 1537 1494 1586 Batav.

505 1632 661 1681 1734·

417 1726 495 1744 ..-
512 1698 566 1743 ab
591 1698 734 1743 Henr.
757 1694 1104 1743 VVesterhovio.
1139 1695 1294 1743 Amst.
1336 1708 1355 1741 Ι
1369 1693 1494 1757 746.

417 1791 528 1822 ...τι
549 1774 655 1822 Car.
682 1775 792 1821 Ant.
813 1773 1096 1822 Wetstenio.
1128 1773 1281 1838 Lugd.
1306 1773 1494 1820 Batav.

503 1866 520 1898 1
653 1890 661 1899 .

414 1930 468 1976 In
496 1867 639 1990 4375)
669 1946 802 1977 usum
827 1928 1009 1992 Delph.
1049 1946 1075 1976 a
1110 1927 1218 1977 Nic.
1251 1926 1492 1976 Courtino.

488 2007 652 2055 Paris.
686 2023 704 2054 1
720 2007 821 2073 675
837 2045 846 2053 .

414 2085 469 2133 In
495 2083 575 2131 fol.
601 2103 705 2132 cum
732 2083 905 2132 scholiis
949 2083 1146 2141 Schotti,
1178 2082 1414 2148 Longolii‚
1448 2096 1494 2132 et

489 2163 612 2210 alior.
638 2159 945 2227 Francofurti
969 2176 987 2209 1
1003 2163 1030 2209 6
1042 2179 1070 2209 0
1081 2162 1127 2210 8.
