1683 2604
431 117 451 149 1
468 117 538 163 04
676 92 730 166 §-
749 97 814 145 X.
839 96 1040 146 Scmpr.
1061 95 1274 146 PRAEST.

423 181 542 248 quod
579 197 631 227 ex
671 177 731 225 L.
757 177 920 245 Papia
957 187 1003 223 et
1023 175 1156 224 Iulia
1174 178 1316 224 venit.
1334 217 1416 227 ....
1432 179 1518 230 De

423 263 522 309 iure
546 257 792 324 singulari.
814 296 895 303 ..-
913 257 994 304 De
1025 256 1144 303 iuris
1184 266 1228 303 et
1238 252 1376 322 facti
1396 258 1518 322 igno-

423 340 687 387 rantia...-
705 336 793 383 Ad
814 336 875 384 L.
901 335 1205 383 Cinciam—
1219 336 1309 384 Ad
1322 337 1382 384 L.
1403 337 1520 384 Fal-

423 415 787 467 cidz‘anz.,.Ad
800 415 860 463 L.
873 415 1069 463 Fusiam
1084 413 1522 465 Caniniam-„Ad

425 499 485 548 L.
507 495 900 547 Venami-„De
920 494 1280 560 legibus.-.De
1298 496 1518 561 legitimis

425 576 903 626 lzaereditatibus....
924 575 1005 622 De
1043 574 1234 622 liberali
1266 592 1518 623 causa.—

424 660 504 707 De
522 656 818 704 libertatibus
828 654 1187 702 dandis-„Ad
1193 655 1518 722 municipalem.

422 777 502 785 .....
519 738 601 785 De
617 733 750 802 officio
767 751 1146 782 assessorum.-...
1167 736 1248 783 De
1264 732 1402 801 officio
1428 751 1520 781 con-

422 817 549 865 sulis.
571 854 652 863 -.-
669 813 753 862 De
786 813 920 881 officio
947 808 1191 882 praefecti
1208 813 1417 880 vigilum.
1439 853 1518 860 ..-

423 898 505 944 De
522 895 654 964 officio
660 891 904 962 praefecti
915 893 1118 941 urbi...-
1133 894 1216 941 De
1233 891 1367 960 officio
1375 910 1521 962 prae·

422 977 539 1023 toris
562 974 882 1024 tutelaris...
901 973 990 1021 Ad
1009 973 1255 1020 orationem
1276 973 1403 1021 Div.
1421 973 1521 1021 An-

422 1055 570 1102 tonini
594 1064 639 1102 et
668 1052 905 1101 Commodi.
924 1092 1004 1101 ,.-
1019 1052 1108 1100 Ad
1125 1053 1371 1100 orationem
1392 1053 1518 1100 Div.

424 1134 605 1181 Asarci.
621 1171 702 1179 -..
718 1133 807 1180 Ad
826 1134 1070 1179 orationem
1095 1133 1220 1180 Div.
1242 1131 1420 1179 Severi.
1439 1169 1522 1180 ...-

423 1213 512 1261 Ad
529 1214 773 1260 orationem
798 1213 924 1261 Div.
942 1212 1109 1260 Severi
1129 1220 1174 1258 et
1194 1210 1521 1259 Commodi-

424 1293 507 1340 De
515 1293 678 1360 poenis
702 1292 909 1340 militum.
928 1331 1010 1340 ,-
1028 1291 1111 1338 De
1138 1292 1301 1358 poenis
1335 1293 1522 1339 omnium

423 1372 583 1437 legum.
603 1411 683 1418 -.-
706 1372 787 1418 De
817 1373 979 1439 poenis
1008 1386 1318 1437 paganorum.
1338 1374 1422 1418 -'-
1439 1372 1522 1419 De

411 1451 727 1517 portionibus,
752 1467 868 1513 quae
894 1450 1053 1497 liberis
1076 1449 1395 1497 damnatorum
1420 1467 1519 1496 con«

422 1530 657 1577 ceduntur.
671 1569 749 1576 -
765 1530 853 1577 Ad
879 1529 1089 1596 regulam
1106 1528 1426 1576 Catonianam.
1440 1569 1520 1578 .-

424 1610 507 1656 De
530 1609 737 1657 secundis
776 1609 965 1656 tabulis.
979 1647 1060 1655 --.
1076 1608 1159 1655 De
1179 1608 1418 1656 Setis„-
1434 1609 1524 1657 Ad

422 1687 595 1737 SCtum
611 1689 927 1746 Libonianum,
938 1706 1016 1737 seu
1026 1686 1525 1736 Claudianum-..Ad

423 1768 594 1816 SCtum
619 1768 664 1816 T
663 1768 965 1831 ertyllianum.
985 1815 1066 1823 —
1083 1766 1172 1814 Ad
1193 1767 1363 1815 SCtum
1389 1767 1518 1838 Orfi-

421 1848 611 1895 tianum.
624 1888 705 1895 -
720 1847 809 1895 Ad
827 1848 1012 1895 SCtum.
1032 1846 1331 1894 Silanianum.
1343 1845 1526 1894 —Ad

421 1926 607 1974 SCtum.
632 1927 983 1994 Turpillianum.
1001 1965 1083 1974 -
1099 1925 1187 1972 Ad
1205 1926 1391 1974 SCtum.
1416 1926 1522 1974 Vel·

421 2005 715 2054 leianunz.—
733 2007 816 2053 De
835 2007 1140 2053 testamentis.
1160 2045 1238 2052 .-..
1256 2007 1340 2054 De
1365 2006 1522 2053 variis

421 2083 786 2132 lectionibus.—
804 2086 886 2133 De
908 2087 1163 2133 usuris.....
1173 2085 1522 2133 Institutionum

421 2163 498 2210 lib.
521 2163 558 2209 I
556 2164 592 2211 I
592 2164 866 2214 .—Notas
891 2165 958 2213 ad
976 2165 1054 2213 lib.
1083 2181 1396 2235 responsorum
1416 2165 1519 2213 Pa-
