1683 2604
382 137 454 199 64
621 130 674 205 §.
699 136 766 184 X.
793 136 994 186 Serum.
1016 137 1231 187 PRAEs’r.

379 215 600 266 Octaviae
622 214 801 279 porticu
825 215 1177 264 ordinandarum
1207 234 1362 265 curam
1391 217 1473 267 de·-

379 294 634 348 mandavit;
673 294 810 344 libros
847 295 1123 359 ineptiarum
1148 295 1240 345 sive
1273 295 1475 346 iocorum

381 374 570 439 scripsit,
594 374 765 440 quibus
796 392 841 423 se
867 373 1043 423 Plinius
1065 374 1235 423 fatetur
1260 375 1474 441 profecis-

382 472 425 502 se
450 453 563 502 dum
587 454 843 503 naturalem
861 454 1160 503 conscriberet
1175 453 1436 505 Historiam.

459 535 679 583 MARCUS
698 534 978 598 Pomponius
1001 533 1278 594 Marcellus,
1303 535 1474 585 Gram-

381 612 573 661 maticus
609 613 896 673 clarissimus,
922 613 1004 680 qui
1036 627 1224 663 vocatus
1251 613 1298 662 in
1332 615 1476 663 consi-

381 691 518 751 lium,
558 706 613 740 ut
649 693 927 741 iudicaretur
966 711 1023 741 an
1061 707 1174 742 esset
1194 692 1359 742 Latina
1383 712 1476 743 vox

383 772 637 836 quaedam,
657 790 751 838 qua
771 773 942 821 Caesar
962 785 1056 820 erat
1079 790 1187 820 usus
1200 791 1212 826 ;
1229 772 1389 821 Atteio
1413 772 1477 821 af-

381 850 583 899 firmante
621 851 743 899 illud
780 869 872 900 esse
891 851 1135 910 Latinum,
1155 852 1283 917 quod
1307 852 1477 901 Caesar

384 929 572 990 dixerit,
595 944 676 980 aut
700 945 820 980 certe
845 930 969 980 illius
993 930 1137 998 gratia
1162 944 1207 980 et
1231 930 1475 980 auctorita·-

383 1022 428 1056 te
453 1009 695 1063 futurum;
721 1011 981 1075 respondit:
1026 1010 1166 1069 „inde
1198 1010 1288 1058 iam
1311 1009 1478 1058 menti-

382 1100 456 1135 tur
481 1088 681 1152 Capito:
713 1104 767 1138 tu
804 1089 973 1138 Caesar
997 1089 1226 1137 civitatem
1260 1088 1368 1138 dare
1390 1107 1473 1154 po-

382 1181 448 1215 tes
472 1168 754 1227 hominibus,
776 1168 922 1217 verbis
946 1186 1037 1216 non
1059 1169 1239 1233 potes.”

458 1247 698 1297 REMMIUS
738 1247 1015 1308 Palaemon,
1052 1246 1325 1298 vicentinus
1348 1284 1360 1307 ‚
1395 1247 1477 1313 qui

382 1325 627 1390 principem
649 1327 806 1376 locum
824 1327 939 1376 inter
955 1326 1288 1377 Grammaticos
1312 1326 1479 1386 tenuit,

383 1405 647 1454 eruditionis
665 1406 836 1453 famam
852 1405 969 1454 vitiis
986 1406 1195 1454 omnibus
1214 1423 1477 1453 commacu-

382 1482 495 1532 lavit
516 1484 633 1533 adeo
650 1523 661 1543 ,
686 1500 742 1534 ut
772 1485 990 1534 Caesares
1019 1483 1234 1533 Tiberius
1254 1497 1301 1533 et
1323 1484 1474 1534 Clau·

383 1562 487 1610 dius
506 1563 658 1627 palam
682 1564 1027 1628 profiterentur,
1046 1563 1214 1612 nemini
1237 1564 1388 1612 minus
1412 1563 1477 1611 iu-

384 1660 557 1690 venum
594 1641 927 1693 institutionem
961 1643 1336 1693 committendam
1370 1660 1477 1692 esse.

384 1720 496 1769 Eius
534 1740 602 1770 ars
625 1723 917 1789 grammatica
955 1723 1111 1772 lucem
1138 1722 1255 1772 vidit
1277 1722 1481 1787 primum

385 1801 544 1849 Basz’l.
579 1817 597 1849 1
616 1816 637 1870 5
655 1818 740 1867 27.
768 1798 841 1851 89
870 1804 1032 1851 Exstat
1054 1801 1193 1851 etIam
1215 1801 1259 1849 in
1277 1800 1480 1851 Collect.

385 1880 611 1929 Putschii.
634 1899 679 1929 v.
698 1876 753 1952 §.
770 1883 838 1932 V.
864 1882 1030 1931 Eidem
1052 1900 1078 1930 a
1102 1880 1378 1947 quibusdam
1400 1879 1479 1928 tri-

385 1958 545 2006 buitur
583 1959 770 2008 libellus
807 1961 867 2009 de
891 1961 1170 2026 ponderibus
1193 1974 1240 2008 et
1263 1959 1482 2009 mensuris}

385 2039 652 2087 hexametro
675 2039 869 2088 carmine
895 2040 1170 2105 conscriptus
1190 2078 1202 2099 ,
1223 2039 1305 2106 qui
1337 2052 1483 2088 exstat

386 2116 539 2164 Tomo
560 2119 652 2166 XI.
674 2118 1020 2184 Antiquitatum
1038 2119 1254 2174 Graevii3
1276 2119 1355 2169 sed
1378 2118 1481 2185 ple·

385 2195 518 2262 rique
542 2197 675 2246 illum
699 2198 923 2248 Prisciano
945 2198 1224 2248 adiudicant.
