1731 2588
447 136 514 183 14
671 111 724 187 §⁸
748 116 814 166 X.
841 115 1040 166 SCRIPT.
1065 115 1278 166 PRAEsT.

516 199 569 246 P.
592 197 912 247 SEMPRomus
949 194 1126 244 Asellio
1147 194 1395 244 Historiam
1416 197 1528 247 belli

438 274 740 334 Numantini,
771 276 827 323 ab
860 292 977 322 anno
1005 276 1072 323 V.
1100 274 1160 323 C.
1184 292 1396 334 DCXIV„
1433 294 1529 341 quo

440 354 635 418 incoepit
654 391 666 413 ,
697 371 846 419 usque
882 353 940 401 ad
973 370 1143 400 annum
1166 369 1413 413 DCXXX1.‚
1432 372 1529 419 quo

441 433 587 482 excisa
602 446 668 482 est
684 431 942 481 Numantia
953 469 966 491 ,
986 431 1105 480 libris
1122 430 1247 480 ultra
1262 431 1409 483 XIV.
1429 450 1527 482 con-

438 512 644 578 signavit.
1323 576 1328 580 ἡ

515 591 748 639 (Σιουῐυε
797 588 999 639 Licinius
1026 627 1039 649 ‚
1077 588 1159 657 qui
1196 607 1265 639 res
1303 589 1528 640 Romanas

436 681 770 719 commentatus
789 682 871 718 est.
896 668 1007 718 Alii.

751 829 974 878 SAECUL.
999 827 1066 876 A.
1090 827 1144 877 C.
1170 827 1216 875 I.

632 950 794 997 Trrus
824 949 1116 997 LUCRETIUS
1142 947 1333 998 CARUS.

517 1067 656 1115 Anno
675 1068 742 1115 V.
761 1066 821 1115 C.
844 1083 1021 1115 Dcmx.
1041 1084 1100 1115 ex
1118 1065 1279 1132 insigni
1304 1078 1350 1115 et
1370 1083 1528 1131 perve-

441 1156 561 1193 tusta
586 1145 911 1193 Lucretiorum
947 1144 1116 1193 familia
1137 1157 1269 1194 natus
1293 1158 1358 1194 est
1391 1145 1528 1194 Titus

441 1223 684 1271 Lucretins
706 1224 872 1272 Carus.
909 1224 954 1271 Is
975 1223 1133 1287 impios
1155 1241 1320 1272 errores
1340 1223 1529 1288 Epicuri

439 1301 718 1350 disertissime
743 1301 1012 1365 explicavit,
1037 1301 1229 1350 carmine
1253 1302 1456 1362 heroico,
1471 1302 1528 1350 li-

439 1379 525 1427 bris
548 1381 641 1428 VI.
664 1379 879 1443 inscriptis
903 1381 986 1428 De
1010 1397 1162 1428 rerum
1185 1391 1381 1429 natura:
1412 1399 1528 1446 quos

438 1456 575 1505 libros
598 1457 764 1505 Cicero
780 1458 1075 1522 postmodum
1098 1458 1369 1507 emendavit.
1389 1460 1528 1507 Anno

438 1535 596 1583 aetatis
628 1549 791 1601 quarto
826 1554 960 1601 supra
990 1537 1391 1603 quadragesimum
1422 1555 1526 1601 pro-

438 1613 534 1677 pria
572 1632 616 1662 se
655 1633 795 1664 manu
831 1615 1070 1664 interfecit.
1109 1615 1223 1664 Eius
1261 1614 1530 1665 latinitatem

439 1709 606 1758 magno
623 1694 875 1742 aestimavit
892 1694 1106 1760 Scaliger.
1128 1695 1244 1744 Sunt
1259 1707 1411 1743 tamen
1434 1713 1530 1744 ver-

439 1787 512 1818 sus
550 1770 667 1830 eius,
706 1772 854 1838 inquit
894 1772 1041 1820 Olaus
1078 1772 1358 1831 Borrichius,
1397 1772 1531 1822 tereti

438 1849 535 1896 auri
573 1850 709 1897 hodie
747 1851 1019 1899 duriusculi.
1068 1851 1343 1899 Lucretium
1394 1850 1529 1901 libros

438 1945 539 1975 suos
560 1946 641 1991 per
663 1928 900 1978 intervalla
922 1930 1082 1978 furoris
1108 1949 1132 1978 e
1156 1930 1330 1994 poculo
1355 1944 1527 1978 amato-

438 2005 502 2053 rio
528 2007 764 2065 contracti,
785 2022 841 2056 ut
863 2007 1029 2067 fertur,
1053 2009 1294 2073 scripsisse,
1331 2009 1408 2057 vix
1429 2026 1525 2058 cre-

437 2084 577 2132 dibile
625 2085 808 2133 videtur
850 2088 1057 2137 Ernesto.
1103 2087 1278 2138 Prodiit
1324 2087 1524 2154 primum

438 2164 646 2215 Veronae
676 2165 835 2228 1486.
859 2164 939 2214 fol.
