1731 2588
457 97 483 146 S
701 86 754 163 5.
779 92 847 141 X.
871 92 1071 142 SCRIPT.
1098 92 1311 144 PRAEST.

454 176 648 239 dispares
685 186 837 221 tamen
876 172 1059 238 ingenio
1108 186 1153 221 et
1191 188 1285 221 arte
1315 172 1454 233 adeo,
1491 184 1548 223 ut

455 256 643 303 Erasmo
667 266 869 309 auctore,
886 250 991 315 plus
1014 250 1173 299 iudicii
1198 253 1252 300 sit
1273 252 1317 299 in
1339 270 1432 300 una
1448 252 1546 302 Co-

456 332 635 381 moedia
653 330 924 379 Terentiana
940 369 949 387 ,
966 347 1107 395 quam
1125 323 1168 377 in
1187 331 1395 379 omnibus
1413 330 1550 381 Plau-

456 411 571 460 tinis.
609 409 750 459 Stilus
774 410 869 458 eius
893 408 1057 476 regula
1080 408 1168 456 fuit
1192 411 1266 457 M.
1284 410 1445 458 Tullio
1466 430 1550 475 pu-

454 489 594 539 ritatis
620 502 664 536 et
681 488 1013 555 elegantiarum
1036 488 1246 536 sermonis
1270 489 1436 537 Latini.
1459 491 1549 541 Sex

457 568 733 618 Comoedias
759 567 1033 632 composuit:
1059 586 1179 634 quae
1208 586 1358 616 omnes
1391 587 1549 633 super-

456 664 561 697 sunt
576 687 586 706 ,
608 647 849 713 editaeque
875 663 978 696 sunt
999 647 1223 711 primum,
1244 661 1300 696 ut
1334 647 1551 708 creditur,

457 745 516 775 ex
533 726 847 775 emendatione
860 727 1048 774 Antonii
1067 727 1257 786 Moieti,
1277 726 1359 774 fol.
1377 728 1553 793 absque

459 806 559 857 ulla
580 820 708 864 nota,
734 820 780 854 et
805 807 1002 855 M’dz'ol.
1035 822 1197 870 1470.
1217 805 1298 854 fol.

625 951 899 983 EDITIONES
933 948 1398 981 PRAESTANJ'IORES.

463 1046 521 1097 In
550 1041 620 1094 S.⁰
642 1063 748 1093 cum
765 1058 858 1093 not.
880 1062 974 1092 var.
997 1044 1153 1109 Lugd.
1172 1044 1361 1092 Batav.
1391 1059 1411 1090 1
1427 1041 1555 1092 686.

463 1126 607 1175 -ab
632 1123 984 1173 VVesterhovio.
1015 1124 1158 1189 Iiag.
1194 1122 1357 1171 Comit.
1392 1137 1492 1186 173
1509 1139 1555 1170 2.

549 1219 567 1250 1
582 1217 709 1270 745.
733 1201 848 1252 Vol.
880 1218 925 1249 2.

462 1301 543 1332 ι...-
560 1283 706 1330 Lond.
758 1282 980 1344 Knapton
1027 1291 1074 1329 et
1132 1279 1321 1348 Sandby
1396 1293 1494 1348 175
1513 1295 1556 1328 1.

545 1361 660 1410 Vol.
693 1378 737 1408 2.

465 1458 577 1490 ..n-..a
602 1439 736 1488 Rich.
761 1440 1005 1503 Spencero.
1030 1439 1176 1487 Lond.
1207 1455 1367 1503 1734.

464 1520 519 1569 In
539 1514 611 1580 4⁰
627 1537 652 1565 a
673 1518 847 1566 Frider.
867 1517 1226 1583 Lindenbrogio.
1248 1519 1370 1566 Par.
1398 1533 1418 1565 1
1432 1516 1559 1564 602.

465 1616 579 1647 ...a
602 1599 760 1646 Ioann.
787 1598 935 1662 Leng.
961 1598 1161 1645 Cantab.
1198 1613 1301 1660 170
1318 1613 1359 1644 Ι.

464 1695 578 1725 -....a
600 1677 734 1725 Rich.
762 1675 990 1723 Bentleio.
1012 1677 1215 1724 cantab.
1246 1675 1407 1739 1726.

469 1757 617 1805 ...ab
657 1753 1006 1804 Westerhovio.
1045 1757 1188 1819 Bag.
1237 1754 1358 1801 Com.
1404 1752 1566 1816 1726.

543 1834 656 1883 Vol.
689 1851 732 1882 2.

474 1931 671 1964 ..-cum
696 1912 803 1961 locis
829 1913 1031 1961 Terentii
1058 1912 1193 1976 ipsius
1211 1911 1462 1976 parallelis,
1484 1929 1565 1960 cu-

547 2010 592 2038 ra
615 1993 743 2039 Dav.
766 1992 1109 2057 Hoogstratani.
1129 1993 1285 2039 Amst.
1321 2007 1338 2038 Ι
1353 2008 1384 2054 7
1399 2007 1417 2038 1
1434 1990 1480 2038 8.

467 2071 607 2119 -....In
634 2088 771 2119 usum
792 2070 976 2135 Delph.
997 2087 1022 2119 a
1038 2070 1239 2120 Nicolao
1257 2070 1422 2120 Camo.
1443 2071 1566 2118 Par.

553 2148 717 2217 1675.
