<?xml version="1.0" encoding="UTF-8"?>
<!DOCTYPE html PUBLIC "-//W3C//DTD XHTML 1.0 Transitional//EN"
    "http://www.w3.org/TR/xhtml1/DTD/xhtml1-transitional.dtd">
<html xmlns="http://www.w3.org/1999/xhtml" xml:lang="en" lang="en">
 <head>
  <title>
</title>
<meta http-equiv="Content-Type" content="text/html;charset=utf-8" />
  <meta name='ocr-system' content='tesseract 3.04.00' />
  <meta name='ocr-capabilities' content='ocr_page ocr_carea ocr_par ocr_line ocrx_word'/>
</head>
<body>
  <div class='ocr_page' id='page_1' title='image "./compediariainlat00gonzuoft_0166.png"; bbox 0 0 1683 2604; ppageno 0'>
   <div class='ocr_carea' id='block_1_1' title="bbox 468 136 1573 926">
    <p class='ocr_par' dir='ltr' id='par_1_1' title="bbox 468 136 1573 926">
     <span class='ocr_line' id='line_1_1' title="bbox 476 136 1332 212; baseline -0.001 -19"><span class='ocrx_word' id='word_1_1' title='bbox 476 159 498 192; x_wconf 87' lang='lat'>1</span> <span class='ocrx_word' id='word_1_2' title='bbox 519 143 583 193; x_wconf 92' lang='lat'>16</span> <span class='ocrx_word' id='word_1_3' title='bbox 714 136 770 212; x_wconf 61' lang='grc'><em>5</em></span> <span class='ocrx_word' id='word_1_4' title='bbox 795 141 861 192; x_wconf 91' lang='grc' dir='ltr'>Χ.</span> <span class='ocrx_word' id='word_1_5' title='bbox 889 142 1092 194; x_wconf 68' lang='lat' dir='ltr'>Seium.</span> <span class='ocrx_word' id='word_1_6' title='bbox 1118 144 1332 195; x_wconf 73' lang='lat' dir='ltr'>PRAEs‘r.</span> 
     </span>
     <span class='ocr_line' id='line_1_2' title="bbox 563 221 1571 288; baseline 0.007 -20"><span class='ocrx_word' id='word_1_7' title='bbox 563 224 919 276; x_wconf 82' lang='lat' dir='ltr'><strong>MAMERTINUS</strong></span> <span class='ocrx_word' id='word_1_8' title='bbox 962 223 1110 273; x_wconf 89' lang='lat' dir='ltr'>iunior</span> <span class='ocrx_word' id='word_1_9' title='bbox 1144 222 1259 273; x_wconf 86' lang='lat' dir='ltr'>vixit</span> <span class='ocrx_word' id='word_1_10' title='bbox 1287 221 1571 288; x_wconf 84' lang='lat' dir='ltr'>temporibus</span> 
     </span>
     <span class='ocr_line' id='line_1_3' title="bbox 471 301 1570 368; baseline 0.002 -17"><span class='ocrx_word' id='word_1_11' title='bbox 471 301 643 353; x_wconf 68' lang='lat' dir='ltr'>Iuliani</span> <span class='ocrx_word' id='word_1_12' title='bbox 682 301 917 363; x_wconf 80' lang='lat' dir='ltr'>Caesaris,</span> <span class='ocrx_word' id='word_1_13' title='bbox 953 321 979 351; x_wconf 92' lang='lat' dir='ltr'>a</span> <span class='ocrx_word' id='word_1_14' title='bbox 1016 321 1113 368; x_wconf 89' lang='lat' dir='ltr'>quo</span> <span class='ocrx_word' id='word_1_15' title='bbox 1151 303 1319 352; x_wconf 87' lang='lat' dir='ltr'>aerario</span> <span class='ocrx_word' id='word_1_16' title='bbox 1343 303 1570 368; x_wconf 88' lang='lat' dir='ltr'>primum,</span> 
     </span>
     <span class='ocr_line' id='line_1_4' title="bbox 468 381 1570 447; baseline 0.002 -17"><span class='ocrx_word' id='word_1_17' title='bbox 468 381 636 431; x_wconf 89' lang='lat' dir='ltr'>deinde</span> <span class='ocrx_word' id='word_1_18' title='bbox 661 381 891 446; x_wconf 87' lang='lat' dir='ltr'>praetoriis</span> <span class='ocrx_word' id='word_1_19' title='bbox 910 382 1170 447; x_wconf 83' lang='lat' dir='ltr'>praefectus</span> <span class='ocrx_word' id='word_1_20' title='bbox 1189 396 1270 431; x_wconf 91' lang='lat' dir='ltr'>est.</span> <span class='ocrx_word' id='word_1_21' title='bbox 1290 384 1454 431; x_wconf 79' lang='lat' dir='ltr'>Exstat</span> <span class='ocrx_word' id='word_1_22' title='bbox 1472 383 1570 432; x_wconf 88' lang='lat' dir='ltr'>eius</span> 
     </span>
     <span class='ocr_line' id='line_1_5' title="bbox 470 456 1573 533; baseline 0.001 -23"><span class='ocrx_word' id='word_1_23' title='bbox 470 461 777 529; x_wconf 79' lang='lat' dir='ltr'>panegyricus</span> <span class='ocrx_word' id='word_1_24' title='bbox 793 461 910 510; x_wconf 85' lang='lat' dir='ltr'>inter</span> <span class='ocrx_word' id='word_1_25' title='bbox 919 463 1040 511; x_wconf 90' lang='lat' dir='ltr'><strong>XII.</strong></span> <span class='ocrx_word' id='word_1_26' title='bbox 1052 474 1279 511; x_wconf 88' lang='lat' dir='ltr'>veterum.</span> <span class='ocrx_word' id='word_1_27' title='bbox 1290 480 1334 511; x_wconf 91' lang='lat' dir='ltr'>v.</span> <span class='ocrx_word' id='word_1_28' title='bbox 1346 456 1400 533; x_wconf 75' lang='lat'>§.</span> <span class='ocrx_word' id='word_1_29' title='bbox 1411 463 1506 512; x_wconf 86' lang='lat' dir='ltr'>XI.</span> <span class='ocrx_word' id='word_1_30' title='bbox 1521 478 1573 524; x_wconf 86' lang='lat'>4.</span> 
     </span>
     <span class='ocr_line' id='line_1_6' title="bbox 550 541 1570 606; baseline 0.002 -18"><span class='ocrx_word' id='word_1_31' title='bbox 550 541 784 591; x_wconf 79' lang='lat' dir='ltr'><strong>LATINUS</strong></span> <span class='ocrx_word' id='word_1_32' title='bbox 811 542 1006 590; x_wconf 85' lang='lat' dir='ltr'>Pacatus</span> <span class='ocrx_word' id='word_1_33' title='bbox 1038 541 1329 606; x_wconf 88' lang='lat' dir='ltr'>Drepanius,</span> <span class='ocrx_word' id='word_1_34' title='bbox 1369 541 1437 591; x_wconf 88' lang='lat' dir='ltr'>vir</span> <span class='ocrx_word' id='word_1_35' title='bbox 1461 560 1570 590; x_wconf 86' lang='lat' dir='ltr'>con-</span> 
     </span>
     <span class='ocr_line' id='line_1_7' title="bbox 471 620 1572 686; baseline 0 -16"><span class='ocrx_word' id='word_1_36' title='bbox 471 620 654 679; x_wconf 86' lang='lat' dir='ltr'>sularis,</span> <span class='ocrx_word' id='word_1_37' title='bbox 680 621 820 670; x_wconf 88' lang='lat' dir='ltr'>immo</span> <span class='ocrx_word' id='word_1_38' title='bbox 845 621 1052 680; x_wconf 84' lang='lat' dir='ltr'>Consul,</span> <span class='ocrx_word' id='word_1_39' title='bbox 1093 620 1357 671; x_wconf 87' lang='lat' dir='ltr'>Theodosio</span> <span class='ocrx_word' id='word_1_40' title='bbox 1383 623 1457 670; x_wconf 91' lang='grc' dir='ltr'>Μ.</span> <span class='ocrx_word' id='word_1_41' title='bbox 1478 640 1572 686; x_wconf 89' lang='lat' dir='ltr'>spe-</span> 
     </span>
     <span class='ocr_line' id='line_1_8' title="bbox 472 700 1572 770; baseline -0.001 -21"><span class='ocrx_word' id='word_1_42' title='bbox 472 714 621 749; x_wconf 89' lang='lat' dir='ltr'>ctante</span> <span class='ocrx_word' id='word_1_43' title='bbox 644 716 803 750; x_wconf 89' lang='lat' dir='ltr'>senatu</span> <span class='ocrx_word' id='word_1_44' title='bbox 828 701 1163 770; x_wconf 83' lang='lat' dir='ltr'>panegyricum</span> <span class='ocrx_word' id='word_1_45' title='bbox 1185 701 1320 760; x_wconf 84' lang='lat' dir='ltr'>dixit,</span> <span class='ocrx_word' id='word_1_46' title='bbox 1351 719 1448 766; x_wconf 90' lang='lat' dir='ltr'>quo</span> <span class='ocrx_word' id='word_1_47' title='bbox 1479 700 1572 765; x_wconf 86' lang='lat' dir='ltr'>pri-</span> 
     </span>
     <span class='ocr_line' id='line_1_9' title="bbox 472 779 1571 847; baseline -0.001 -19"><span class='ocrx_word' id='word_1_48' title='bbox 472 794 596 829; x_wconf 84' lang='lat' dir='ltr'>vatas</span> <span class='ocrx_word' id='word_1_49' title='bbox 622 795 668 828; x_wconf 90' lang='lat' dir='ltr'>et</span> <span class='ocrx_word' id='word_1_50' title='bbox 692 782 900 846; x_wconf 85' lang='lat' dir='ltr'>publicas</span> <span class='ocrx_word' id='word_1_51' title='bbox 932 782 1032 830; x_wconf 88' lang='lat' dir='ltr'>eius</span> <span class='ocrx_word' id='word_1_52' title='bbox 1064 781 1255 830; x_wconf 90' lang='lat' dir='ltr'>virtutes</span> <span class='ocrx_word' id='word_1_53' title='bbox 1293 779 1571 847; x_wconf 83' lang='lat' dir='ltr'>elegantissi-</span> 
     </span>
     <span class='ocr_line' id='line_1_10' title="bbox 471 857 1571 926; baseline 0.001 -18"><span class='ocrx_word' id='word_1_54' title='bbox 471 878 570 919; x_wconf 88' lang='lat' dir='ltr'>me,</span> <span class='ocrx_word' id='word_1_55' title='bbox 592 874 646 908; x_wconf 89' lang='lat' dir='ltr'>ut</span> <span class='ocrx_word' id='word_1_56' title='bbox 667 879 717 909; x_wconf 83' lang='lat' dir='ltr'>ea</span> <span class='ocrx_word' id='word_1_57' title='bbox 737 862 833 911; x_wconf 86' lang='lat' dir='ltr'>fieri</span> <span class='ocrx_word' id='word_1_58' title='bbox 853 875 1002 910; x_wconf 85' lang='lat' dir='ltr'>aetate</span> <span class='ocrx_word' id='word_1_59' title='bbox 1023 861 1199 926; x_wconf 87' lang='lat' dir='ltr'>potuit,</span> <span class='ocrx_word' id='word_1_60' title='bbox 1220 857 1571 909; x_wconf 85' lang='lat' dir='ltr'>commendavit.</span> 
     </span>
    </p>
   </div>
   <div class='ocr_carea' id='block_1_2' title="bbox 472 935 1416 1012">
    <p class='ocr_par' dir='ltr' id='par_1_2' title="bbox 472 935 1416 1012">
     <span class='ocr_line' id='line_1_11' title="bbox 472 935 1416 1012; baseline -0.001 -23"><span class='ocrx_word' id='word_1_61' title='bbox 472 939 638 990; x_wconf 78' lang='lat' dir='ltr'>Exstat</span> <span class='ocrx_word' id='word_1_62' title='bbox 662 941 778 991; x_wconf 88' lang='lat' dir='ltr'>inter</span> <span class='ocrx_word' id='word_1_63' title='bbox 796 943 917 991; x_wconf 87' lang='lat' dir='ltr'><strong>XII.</strong></span> <span class='ocrx_word' id='word_1_64' title='bbox 941 955 1082 993; x_wconf 83' lang='lat' dir='ltr'>veter.</span> <span class='ocrx_word' id='word_1_65' title='bbox 1105 960 1149 991; x_wconf 87' lang='lat' dir='ltr'>v.</span> <span class='ocrx_word' id='word_1_66' title='bbox 1171 935 1225 1012; x_wconf 74' lang='lat'>§.</span> <span class='ocrx_word' id='word_1_67' title='bbox 1248 941 1342 990; x_wconf 88' lang='lat' dir='ltr'>XI.</span> <span class='ocrx_word' id='word_1_68' title='bbox 1366 956 1416 1002; x_wconf 86' lang='lat'>4.</span> 
     </span>
    </p>
   </div>
   <div class='ocr_carea' id='block_1_3' title="bbox 884 1063 1165 1111">
    <p class='ocr_par' dir='ltr' id='par_1_3' title="bbox 884 1063 1165 1111">
     <span class='ocr_line' id='line_1_12' title="bbox 884 1063 1165 1111; baseline -0.007 0"><span class='ocrx_word' id='word_1_69' title='bbox 884 1063 1165 1111; x_wconf 74' lang='lat' dir='ltr'>Ausomus.</span> 
     </span>
    </p>
   </div>
   <div class='ocr_carea' id='block_1_4' title="bbox 473 1179 1580 2125">
    <p class='ocr_par' dir='ltr' id='par_1_4' title="bbox 473 1179 1580 2125">
     <span class='ocr_line' id='line_1_13' title="bbox 552 1179 1575 1249; baseline -0.001 -18"><span class='ocrx_word' id='word_1_70' title='bbox 552 1181 734 1232; x_wconf 89' lang='lat' dir='ltr'>Decius</span> <span class='ocrx_word' id='word_1_71' title='bbox 755 1181 962 1249; x_wconf 87' lang='lat' dir='ltr'>Magnus</span> <span class='ocrx_word' id='word_1_72' title='bbox 988 1179 1245 1240; x_wconf 89' lang='lat' dir='ltr'>Ausonius,</span> <span class='ocrx_word' id='word_1_73' title='bbox 1270 1179 1575 1248; x_wconf 86' lang='lat' dir='ltr'>Burdigalen-</span> 
     </span>
     <span class='ocr_line' id='line_1_14' title="bbox 476 1259 1577 1327; baseline 0 -18"><span class='ocrx_word' id='word_1_74' title='bbox 476 1262 553 1321; x_wconf 89' lang='lat' dir='ltr'>sis,</span> <span class='ocrx_word' id='word_1_75' title='bbox 591 1264 648 1310; x_wconf 89' lang='lat' dir='ltr'>ab</span> <span class='ocrx_word' id='word_1_76' title='bbox 681 1262 919 1311; x_wconf 86' lang='lat' dir='ltr'>avunculo</span> <span class='ocrx_word' id='word_1_77' title='bbox 942 1261 1145 1310; x_wconf 73' lang='lat' dir='ltr'>Aemilio</span> <span class='ocrx_word' id='word_1_78' title='bbox 1165 1261 1345 1327; x_wconf 88' lang='lat' dir='ltr'>Magno</span> <span class='ocrx_word' id='word_1_79' title='bbox 1365 1259 1577 1320; x_wconf 88' lang='lat' dir='ltr'>Arborio,</span> 
     </span>
     <span class='ocr_line' id='line_1_15' title="bbox 473 1339 1577 1407; baseline -0.003 -16"><span class='ocrx_word' id='word_1_80' title='bbox 473 1343 683 1391; x_wconf 89' lang='lat' dir='ltr'>Rhetore</span> <span class='ocrx_word' id='word_1_81' title='bbox 709 1340 1111 1399; x_wconf 84' lang='lat' dir='ltr'>excellentissimo,</span> <span class='ocrx_word' id='word_1_82' title='bbox 1138 1339 1308 1407; x_wconf 87' lang='lat' dir='ltr'>linguis</span> <span class='ocrx_word' id='word_1_83' title='bbox 1327 1340 1510 1389; x_wconf 87' lang='lat' dir='ltr'>Graeca</span> <span class='ocrx_word' id='word_1_84' title='bbox 1531 1353 1577 1388; x_wconf 89' lang='lat' dir='ltr'>et</span> 
     </span>
     <span class='ocr_line' id='line_1_16' title="bbox 477 1418 1575 1486; baseline -0.002 -17"><span class='ocrx_word' id='word_1_85' title='bbox 477 1420 668 1479; x_wconf 84' lang='lat' dir='ltr'>Latina,</span> <span class='ocrx_word' id='word_1_86' title='bbox 709 1420 984 1486; x_wconf 78' lang='lat' dir='ltr'>optimisque</span> <span class='ocrx_word' id='word_1_87' title='bbox 1024 1420 1195 1468; x_wconf 86' lang='lat' dir='ltr'>artibus</span> <span class='ocrx_word' id='word_1_88' title='bbox 1232 1418 1466 1467; x_wconf 83' lang='lat' dir='ltr'>institutus</span> <span class='ocrx_word' id='word_1_89' title='bbox 1495 1432 1575 1468; x_wconf 84' lang='lat' dir='ltr'>est.</span> 
     </span>
     <span class='ocr_line' id='line_1_17' title="bbox 474 1498 1577 1567; baseline -0.003 -19"><span class='ocrx_word' id='word_1_90' title='bbox 474 1499 755 1567; x_wconf 82' lang='lat' dir='ltr'>Burdigalae</span> <span class='ocrx_word' id='word_1_91' title='bbox 773 1500 959 1564; x_wconf 87' lang='lat' dir='ltr'>publice</span> <span class='ocrx_word' id='word_1_92' title='bbox 981 1499 1339 1549; x_wconf 88' lang='lat' dir='ltr'>Grammaticam</span> <span class='ocrx_word' id='word_1_93' title='bbox 1361 1498 1577 1563; x_wconf 88' lang='lat' dir='ltr'>primum,</span> 
     </span>
     <span class='ocr_line' id='line_1_18' title="bbox 476 1576 1576 1629; baseline -0.001 -3"><span class='ocrx_word' id='word_1_94' title='bbox 476 1579 643 1628; x_wconf 87' lang='lat' dir='ltr'>deinde</span> <span class='ocrx_word' id='word_1_95' title='bbox 680 1580 976 1629; x_wconf 86' lang='lat' dir='ltr'>Rhetoricam</span> <span class='ocrx_word' id='word_1_96' title='bbox 1015 1578 1187 1627; x_wconf 87' lang='lat' dir='ltr'>docuit.</span> <span class='ocrx_word' id='word_1_97' title='bbox 1227 1577 1399 1628; x_wconf 87' lang='lat' dir='ltr'>Christi</span> <span class='ocrx_word' id='word_1_98' title='bbox 1423 1576 1576 1625; x_wconf 88' lang='lat' dir='ltr'>culto-</span> 
     </span>
     <span class='ocr_line' id='line_1_19' title="bbox 476 1657 1577 1708; baseline -0.001 -3"><span class='ocrx_word' id='word_1_99' title='bbox 476 1676 573 1706; x_wconf 87' lang='lat' dir='ltr'>rem</span> <span class='ocrx_word' id='word_1_100' title='bbox 591 1658 727 1708; x_wconf 88' lang='lat' dir='ltr'>fuisse</span> <span class='ocrx_word' id='word_1_101' title='bbox 747 1658 898 1708; x_wconf 84' lang='lat' dir='ltr'>asserit</span> <span class='ocrx_word' id='word_1_102' title='bbox 918 1658 1112 1707; x_wconf 86' lang='lat' dir='ltr'>Pontius</span> <span class='ocrx_word' id='word_1_103' title='bbox 1127 1657 1365 1706; x_wconf 82' lang='lat' dir='ltr'>Paulinus.</span> <span class='ocrx_word' id='word_1_104' title='bbox 1378 1658 1459 1706; x_wconf 89' lang='lat' dir='ltr'>De</span> <span class='ocrx_word' id='word_1_105' title='bbox 1479 1658 1577 1705; x_wconf 89' lang='lat' dir='ltr'>Au-</span> 
     </span>
     <span class='ocr_line' id='line_1_20' title="bbox 477 1735 1578 1800; baseline 0 -15"><span class='ocrx_word' id='word_1_106' title='bbox 477 1738 602 1786; x_wconf 86' lang='lat' dir='ltr'>sonio</span> <span class='ocrx_word' id='word_1_107' title='bbox 627 1738 687 1787; x_wconf 86' lang='lat' dir='ltr'>ita</span> <span class='ocrx_word' id='word_1_108' title='bbox 704 1738 879 1788; x_wconf 86' lang='lat' dir='ltr'>iudicat</span> <span class='ocrx_word' id='word_1_109' title='bbox 901 1739 1050 1787; x_wconf 85' lang='lat' dir='ltr'>Olaus</span> <span class='ocrx_word' id='word_1_110' title='bbox 1071 1737 1356 1788; x_wconf 86' lang='lat' dir='ltr'>Borrichius:</span> <span class='ocrx_word' id='word_1_111' title='bbox 1377 1735 1578 1800; x_wconf 82' lang='lat' dir='ltr'>Scriptor</span> 
     </span>
     <span class='ocr_line' id='line_1_21' title="bbox 477 1815 1578 1885; baseline 0 -21"><span class='ocrx_word' id='word_1_112' title='bbox 477 1834 721 1868; x_wconf 87' lang='lat' dir='ltr'>emunctae</span> <span class='ocrx_word' id='word_1_113' title='bbox 748 1819 886 1879; x_wconf 85' lang='lat' dir='ltr'>naris,</span> <span class='ocrx_word' id='word_1_114' title='bbox 912 1831 1127 1885; x_wconf 84' lang='lat' dir='ltr'>argutus,</span> <span class='ocrx_word' id='word_1_115' title='bbox 1148 1831 1193 1866; x_wconf 92' lang='lat' dir='ltr'>et</span> <span class='ocrx_word' id='word_1_116' title='bbox 1210 1815 1470 1882; x_wconf 86' lang='lat' dir='ltr'>ingeniosus</span> <span class='ocrx_word' id='word_1_117' title='bbox 1495 1828 1578 1869; x_wconf 83' lang='lat' dir='ltr'>est;</span> 
     </span>
     <span class='ocr_line' id='line_1_22' title="bbox 478 1896 1577 1959; baseline -0.002 -15"><span class='ocrx_word' id='word_1_118' title='bbox 478 1897 558 1945; x_wconf 89' lang='lat' dir='ltr'>sed</span> <span class='ocrx_word' id='word_1_119' title='bbox 583 1899 684 1946; x_wconf 82' lang='lat' dir='ltr'>stilo</span> <span class='ocrx_word' id='word_1_120' title='bbox 706 1899 899 1946; x_wconf 86' lang='lat' dir='ltr'>subinde</span> <span class='ocrx_word' id='word_1_121' title='bbox 925 1896 1237 1946; x_wconf 84' lang='lat' dir='ltr'>duriusculus.</span> <span class='ocrx_word' id='word_1_122' title='bbox 1258 1896 1401 1956; x_wconf 88' lang='lat' dir='ltr'>Quae</span> <span class='ocrx_word' id='word_1_123' title='bbox 1417 1910 1577 1959; x_wconf 82' lang='lat' dir='ltr'>super-</span> 
     </span>
     <span class='ocr_line' id='line_1_23' title="bbox 479 1973 1580 2043; baseline -0.003 -18"><span class='ocrx_word' id='word_1_124' title='bbox 479 1992 610 2037; x_wconf 87' lang='lat' dir='ltr'>sunt,</span> <span class='ocrx_word' id='word_1_125' title='bbox 645 1977 916 2042; x_wconf 87' lang='lat' dir='ltr'>prodierunt</span> <span class='ocrx_word' id='word_1_126' title='bbox 952 1976 1154 2041; x_wconf 86' lang='lat' dir='ltr'>primum</span> <span class='ocrx_word' id='word_1_127' title='bbox 1189 1978 1364 2043; x_wconf 87' lang='lat' dir='ltr'>absque</span> <span class='ocrx_word' id='word_1_128' title='bbox 1403 1973 1492 2024; x_wconf 88' lang='lat' dir='ltr'>loci</span> <span class='ocrx_word' id='word_1_129' title='bbox 1532 1984 1580 2022; x_wconf 87' lang='lat' dir='ltr'>et</span> 
     </span>
     <span class='ocr_line' id='line_1_24' title="bbox 480 2054 1182 2125; baseline 0 -21"><span class='ocrx_word' id='word_1_130' title='bbox 480 2056 759 2125; x_wconf 81' lang='lat' dir='ltr'>typographi</span> <span class='ocrx_word' id='word_1_131' title='bbox 784 2070 891 2106; x_wconf 83' lang='lat' dir='ltr'>nota</span> <span class='ocrx_word' id='word_1_132' title='bbox 921 2073 939 2106; x_wconf 90' lang='lat'>1</span> <span class='ocrx_word' id='word_1_133' title='bbox 954 2073 1079 2123; x_wconf 85' lang='lat'>472.</span> <span class='ocrx_word' id='word_1_134' title='bbox 1102 2054 1182 2105; x_wconf 88' lang='lat' dir='ltr'>fol.</span> 
     </span>
    </p>
   </div>
  </div>
 </body>
</html>
