1683 2604
414 139 482 194 50
647 118 700 194 §-
724 123 791 173 X.
817 124 1017 174 ScmPT.
1037 125 1252 176 PRAEST.

406 203 591 256 Baetica
610 203 808 252 Romam
835 205 1112 268 perductus,
1152 205 1332 270 optimis
1366 206 1504 257 literi‘s

408 285 523 333 adeo
543 282 761 346 profecit3
795 299 850 331 ut
874 285 1057 331 Graece
1085 298 1130 332 et
1151 285 1316 334 Latine
1345 287 1503 336 adole-

408 381 531 411 scens
557 362 846 410 declamaret.
875 362 1068 410 Bellum
1096 363 1228 412 civile
1249 365 1364 414 inter
1381 366 1504 415 Cae-

408 460 551 490 sarem
568 455 707 507 atque
727 440 1004 505 Pompeium
1031 442 1160 506 epico
1182 444 1372 493 carmine
1389 463 1505 494 com-

410 521 577 585 plexus
599 535 665 567 est
702 519 822 567 libris
845 520 936 576 X.,
963 539 1079 586 quos
1104 520 1321 586 inscripsit
1345 526 1506 573 Phar-

415 601 564 658 salia,
587 618 611 646 a
629 599 843 646 Pharsalo
860 599 1125 648 Thessaliae
1146 603 1285 660 urbe,
1312 601 1355 648 in
1378 603 1507 652 cuius

413 677 580 741 campis
604 677 772 726 Caesar
792 678 1066 741 Pompeium
1083 678 1204 728 vicit.
1227 679 1389 729 Dictio
1406 682 1506 729 Lu-

414 756 511 804 cani
531 756 732 804 mascula
753 770 840 816 est,
880 771 1076 805 testante
1116 757 1237 806 Olao
1263 759 1510 818 Borrichio„

414 835 492 883 sed
512 835 690 895 durior,
714 849 759 883 et
779 835 974 884 subinde
999 837 1190 885 tumida.
1221 838 1396 887 Prodiit
1415 837 1508 903 pri-

413 931 546 965 mum
570 914 799 963 Pharsalia
820 917 950 964 Rom.
985 915 1145 981 1469.
1172 915 1254 965 fol.

576 1059 854 1091 EDITIONES
888 1059 1354 1094 PRAESTANTIORES.

415 1152 473 1203 In
500 1147 570 1200 &⁰
595 1171 702 1200 curn
721 1166 814 1201 not.
844 1171 935 1203 var.
952 1154 1109 1220 Lugd.
1129 1156 1318 1204 Batav.
1346 1171 1364 1204 1
1382 1156 1445 1224 65
1462 1156 1514 1206 8,

504 1231 664 1295 1669.

413 1328 611 1358 ...sum
636 1323 730 1359 not.
754 1310 984 1361 Gottlieb.
1003 1311 1167 1371 Corui,
1186 1313 1321 1382 szs.
1348 1329 1448 1378 172
1463 1310 1511 1362 6.

495 1401 542 1435 et
570 1390 744 1455 Glasg.
780 1405 797 1435 1
813 1403 877 1455 75
899 1405 916 1436 Ι
932 1426 941 1436 .

416 1465 474 1514 In
496 1461 569 1527 ιβ’
593 1485 618 1514 a
639 1467 802 1515 Franc.
830 1467 1168 1534 Oudendorpio
1183 1506 1195 1528 ,
1220 1470 1377 1536 Lugd.
1402 1472 1508 1519 Ba·

494 1556 598 1592 tav.
634 1561 652 1592 1
667 1562 699 1608 7
711 1563 733 1592 2
749 1547 795 1594 8.

416 1641 531 1671 ...a
552 1624 691 1671 Petro
710 1627 929 1672 Burman.
949 1627 1107 1693 Lugd.
1125 1627 1316 1676 Batav.
1347 1643 1366 1674 1
1380 1644 1508 1692 740.

415 1720 531 1750 -a
581 1701 715 1750 Rich.
767 1703 1002 1764 Bentleio,
1058 1707 1509 1771 Strawberry-Hill.

503 1780 665 1844 1760.

856 1863 1070 1913 SENECA.

495 1935 669 1986 Lucius
683 1939 897 1989 Annaeus
909 1943 1091 2001 Seneca,
1109 1943 1285 1991 Lucani
1302 1958 1510 2009 patruus,

418 2014 692 2074 Cordubae,
732 2037 849 2083 quae
882 2038 907 2067 a
935 2020 1152 2070 Romanis
1177 2022 1286 2070 olim
1311 2023 1509 2073 Colonia

416 2093 607 2141 Patricia
634 2097 1063 2162 cognominabatur,
1083 2115 1215 2149 natus
1238 2116 1318 2150 est.
1338 2103 1505 2150 Paren-

416 2183 482 2220 tes
507 2171 548 2222 ei
569 2173 759 2226 fuerunt
796 2178 987 2227 Marcus
1018 2180 1237 2230 Annaeus
1267 2181 1438 2232 Seneca
1463 2193 1508 2230 et
