1699 2620
409 132 631 185 SAECULI
657 130 711 179 P.
739 131 800 181 C.
823 131 918 182 VI.
1110 147 1129 181 1
1148 153 1216 201 37

106 216 252 282 gula,
289 229 399 261 cum
431 212 747 261 Commentar.
776 212 936 260 Ioann.
959 211 1017 260 de
1043 212 1221 263 Turre·

115 308 338 350 cremata,
374 306 421 340 et
459 290 587 339 alior.
612 292 763 340 Colon.
799 290 1222 360 1575.fol..-.In

115 371 410 421 Collectione
459 370 759 438 Regularum
810 373 931 421 Luc.
972 371 1222 435 Holstenii‚

115 453 284 503 Paris.
318 449 481 516 1663.
505 450 620 501 Vol.
653 468 698 515 3.
728 446 802 513 4⁰

211 528 450 581 ‘MAGNUS
477 529 647 579 Aurel.
673 530 1002 592 Cassiodorus,
1041 533 1224 585 Consul

113 612 314 662 Roman.
355 612 540 680 Opera,
566 630 592 659 a
629 611 788 659 Ioann.
826 613 965 677 Bapt.
992 613 1189 663 Garetio
1212 652 1225 674 ,

113 692 326 740 Rothom.
363 690 526 755 1679.
548 692 686 738 Tom.
715 707 760 739 2.
787 689 869 739 fol.

196 771 509 821 GREGomus
549 767 672 839 (S.)
710 771 924 837 Episcop.
963 773 1225 824 TuronenS.

115 852 279 920 Opera
292 889 304 910 ‚
319 869 346 899 a
362 850 657 900 Theodorico
674 850 886 911 Ruinart,
903 853 1028 902 Par.
1057 870 1076 902 1
1092 854 1120 903 6
1132 872 1160 920 9
1173 873 1200 921 9
1212 895 1223 904 .

118 929 200 979 fol.

195 1011 444 1060 LEANDER
470 1007 592 1079 (S.)
616 1011 883 1060 Monachus
902 1026 950 1078 et
967 1012 1225 1079 Episcopus

115 1089 377 1155 Hispalens.
417 1093 499 1140 De
524 1093 811 1141 institutione
836 1095 1070 1159 virginum
1100 1105 1147 1142 et
1170 1097 1227 1143 de

114 1181 370 1241 contemptu
395 1171 553 1220 mundi
576 1172 779 1231 libellus,
800 1173 844 1221 T
842 1174 1048 1222 oleti......
1070 1170 1226 1236 4⁰.-

115 1268 212 1299 cur.
264 1250 534 1316 Christoph.
583 1252 809 1300 Browero
851 1268 869 1301 1
886 1252 914 1300 6
932 1268 949 1300 1
966 1252 1014 1301 6.
1061 1255 1225 1304 Exstat

116 1329 256 1379 etiam
284 1330 330 1378 in
365 1330 661 1380 Collectione
700 1331 927 1398 Regular.
953 1333 1074 1381 Luc,
1100 1334 1223 1383 Hol-

117 1409 271 1469 stenii,
296 1412 464 1459 Paris.
513 1426 531 1458 1
548 1410 701 1476 663.;
726 1429 905 1459 necnon
929 1411 974 1458 in
1000 1412 1223 1462 Biblioth.

114 1489 210 1538 ΡΡ.
233 1491 385 1538 Tomo
409 1491 624 1539 X11.-.
639 1493 857 1541 Homilia
882 1493 931 1540 ob
964 1494 1224 1543 Gothorum

114 1572 468 1619 conversionem:
492 1584 638 1619 exstat
663 1572 816 1619 Tomo
840 1573 907 1620 V.
936 1572 1188 1623 Concilior.
1210 1594 1224 1630 3

114 1662 163 1698 et
185 1648 228 1696 in
246 1649 449 1698 Collect.
467 1650 653 1699 Concil.
672 1651 807 1715 Hisp.
829 1652 981 1698 Tomo
998 1653 1065 1699 II.

195 1730 482 1789 RURITms,
523 1731 839 1779 Lemovicens.
875 1730 1024 1795 Episc.
1063 1732 1223 1782 Senior

118 1807 269 1858 dictus
295 1848 307 1869 ,
346 1811 672 1879 Epistolarum
708 1812 822 1860 libri
857 1811 971 1859 HI.
1012 1812 1123 1860 editi
1165 1816 1224 1863 ab

117 1890 268 1938 Henr.
311 1889 497 1939 Canisio
529 1891 691 1957 Antiq.
727 1891 937 1939 Lection.
979 1893 1131 1941 Tomo
1153 1894 1221 1943 V.

119 1969 417 2035 Ingolstadii
439 1986 458 2018 1
474 1969 627 2033 6043
671 1984 716 2019 et
747 1971 793 2019 in
814 1971 1100 2021 Bibliotheca
1125 1973 1221 2021 ΡΡ.

121 2049 277 2096 Tomo
295 2050 444 2098 VIII.

200 2126 494 2178 LIBERATUS
517 2168 529 2189 ,
582 2131 815 2182 Ecclesiae
863 2132 1218 2200 Carthaginens.

121 2206 482 2258 Archidiaconus
494 2247 504 2267 ‚
524 2210 831 2261 Brevz'arium
848 2250 858 2271 ‚
875 2212 965 2263 sive
985 2216 1048 2263 Η
1050 2215 1221 2262 istoria.
