1683 2604
446 156 469 193 1
484 160 549 191 00
681 131 738 207 §.
762 135 828 185 X.
855 134 1055 185 Seium.
1079 133 1292 186 PRAEsT.

439 236 630 270 munere
680 217 821 266 virtus
858 214 1076 262 Eumenii
1111 215 1308 264 maxime
1349 215 1531 279 enituit,

439 300 524 367 qui
548 295 760 346 salarium
785 292 939 342 debita
964 311 1070 341 cum
1092 294 1381 344 veneratione
1401 314 1527 346 acce-

439 379 531 444 pit,
555 391 601 426 et
621 375 680 424 ad
703 373 966 424 scholarum
985 372 1338 436 reparationem,
1372 377 1530 442 quoad

437 476 552 507 usus
595 454 804 521 poposcit
830 491 841 511 ,
885 451 1139 501 destinavit.
1176 452 1368 504 Exstant
1405 455 1531 505 illius

440 536 681 587 Orationes
706 535 822 583 inter
846 530 1151 600 Panegyricos
1186 545 1377 582 veteres.
1411 552 1456 585 v.
1476 530 1531 607 5.

437 617 529 666 XI.
550 634 598 679 4.

517 698 775 745 AEMILIUS
800 689 1074 756 Papinianus
1087 728 1098 748 ,
1122 690 1308 740 Hostilii
1326 693 1532 759 Papinia-

441 775 511 834 ni,
551 788 597 824 et
635 772 876 839 Eugeniae
913 768 1109 819 Gracilis
1132 769 1274 830 filius,
1310 773 1532 837 Septimio

439 856 610 905 Severo
633 851 841 901 successit
864 851 909 899 in
928 847 1224 899 advocatione
1248 850 1363 911 fisci,
1387 870 1413 901 a
1436 871 1533 920 quo

439 948 597 998 postea
633 931 781 980 factus
816 944 882 979 est
920 929 1132 996 magister
1159 928 1462 992 libellorum}
1488 947 1535 985 et

438 1012 662 1077 praetorio
681 1010 950 1074 praefectus,
968 1006 1236 1071 Discipulos
1252 1009 1415 1058 habuit
1428 1011 1533 1076 plu-

438 1092 572 1140 rimos
596 1088 704 1138 iuris
735 1088 1016 1154 professores,
1063 1086 1249 1151 Scripsit
1287 1090 1531 1151 Quaestio-

438 1190 539 1220 num
587 1171 727 1218 libros
780 1166 1087 1216 XXXVII.
1104 1206 1183 1215 -...
1199 1168 1534 1236 Responsorum

438 1251 596 1299 XIX.
612 1249 1041 1319 ...Definitionum
1065 1246 1324 1295 IL-..De
1347 1249 1531 1298 adulte-

438 1331 527 1377 riis
549 1329 620 1376 II
621 1362 720 1377 ...ῃ
737 1328 818 1376 De
841 1327 1092 1374 adulteriis
1113 1326 1190 1374 lib.
1215 1327 1383 1392 singul.
1418 1327 1530 1376 Fra·

438 1421 625 1474 gmenta
651 1418 888 1454 servantur
907 1404 951 1450 in
971 1403 1224 1452 Pandectis.

518 1488 714 1536 SEXTUS
751 1481 1036 1547 Pomponius
1068 1521 1080 1542 ,
1129 1498 1187 1531 ex
1225 1482 1531 1549 antiquissima

437 1563 677 1629 Pomponii
696 1561 862 1621 Attici,
887 1576 943 1610 ut
967 1562 1156 1628 quidam
1180 1576 1375 1625 putant,
1398 1563 1531 1612 fami-

438 1644 499 1692 lia
523 1660 674 1702 ortus,
713 1657 760 1691 et
792 1641 1026 1705 Papiniani
1047 1640 1324 1706 discipulus,
1362 1643 1533 1708 scripsit

438 1724 761 1792 Epistolarum
793 1722 933 1769 libros
951 1724 1076 1772 XX.
1093 1760 1174 1772 -..
1191 1722 1530 1771 Fideicommis·

437 1820 586 1851 sorum
607 1804 759 1851 V.-..
774 1801 1033 1850 Lectionum
1067 1801 1135 1850 ad
1156 1803 1212 1863 Q.
1239 1802 1449 1849 Mucium
1474 1804 1532 1850 li-

436 1882 543 1930 bros
568 1882 924 1932 XXXIX-
940 1882 1028 1929 Ad
1041 1882 1285 1929 Plautium
1305 1881 1381 1927 lib.
1399 1881 1532 1930 VII.

440 1993 519 2009 ..-
531 1963 823 2026 Regularum
840 1961 917 2007 lib.
955 1961 1110 2026 singul
1113 1997 1202 2008 .-
1213 1959 1303 2007 Ad
1318 1961 1535 2009 Sabinum

438 2041 614 2089 XXX
618 2041 803 2088 V...-s
803 2040 1004 2087 Ctorum.
1021 2041 1098 2088 lib.
1117 2040 1261 2086 V...-
1276 2040 1336 2087 V
1322 2040 1535 2088 ariarum

437 2119 667 2166 lectionum
689 2120 833 2167 XLI
833 2157 925 2166 .—
940 2120 1249 2186 Digestorum
1274 2119 1334 2167 V
1353 2157 1432 2168 -..
1450 2118 1539 2168 Ad

437 2197 632 2248 edictum
667 2198 743 2246 lib.
767 2199 1098 2248 LXXXIII.
1116 2239 1194 2248 -..
1212 2198 1295 2248 De
1334 2198 1534 2268 stipula,-
