1699 2620
435 107 656 159 SAEcqu
680 107 734 156 P.
758 105 817 156 C.
840 108 880 157 Ι.
1167 125 1233 178 59

135 187 423 251 Gaditanus,
464 188 599 235 libros
638 186 887 235 duodecim
914 186 1058 237 edidit
1081 188 1137 238 de
1165 192 1238 239 Re

133 271 331 319 rustica.
357 268 431 316 Ex
463 266 529 315 his
552 266 785 315 decimum
808 267 866 315 de
892 269 1033 318 Cultu
1053 271 1238 332 Horto-

135 366 237 399 rum
258 345 410 413 politis
436 346 640 396 versibus
663 347 944 413 conscripsit,
970 362 1024 396 ut
1049 367 1102 396 ea
1127 367 1236 414 sup-

134 428 308 492 pleret,
347 444 467 492 quae
508 426 551 474 in
588 426 830 493 Georgicis
850 427 1057 477 omiserat
1077 428 1239 495 Virgi-

133 506 238 556 lius.
278 507 360 555 De
401 505 674 555 Columella
704 505 765 554 ita
805 506 1072 570 pronuntiat
1107 509 1240 556 Mor-

134 586 310 637 hofius:
327 607 360 631 υ
378 603 433 634 an
453 604 545 634 non
569 600 615 635 et
640 603 699 634 ex
717 585 934 650 Hispanis
951 586 1240 653 Columella,

135 688 171 712 υ
190 665 272 714 etsi
295 679 446 714 aetate
470 665 715 730 posterior,
740 665 1024 730 purissimam
1058 680 1104 714 et
1139 668 1240 732 Ro,-

134 767 171 792 υ
187 763 369 794 manarn
384 744 656 793 latinitatem
674 759 871 794 sectatur
890 746 935 793 in
945 745 1120 795 rusticis
1137 747 1242 806 suis,

141 848 175 871 υ
191 839 248 874 ut
268 843 376 890 prae
410 825 507 890 ipso
535 826 688 874 Varro
723 824 867 873 durus
890 839 936 874 et
957 827 1150 874 rusticus
1174 827 1241 874 vi-

140 927 176 951 „
194 906 419 954 deatur?'’
442 904 619 953 Prodiit
643 904 866 968 primum,
907 922 1015 953 cum
1036 905 1130 953 aliis
1153 906 1244 955 Rei

139 984 335 1034 rusticae
361 983 677 1049 Scriptoribus.
708 985 871 1034 Vener.
904 1000 1066 1049 1472.
1089 984 1171 1032 fol.
1201 1005 1243 1035 v.

187 1103 196 1112 .
217 1065 310 1113 XI.
330 1080 378 1127 4.

140 1059 182 1136 5
220 1144 282 1194 C.
303 1145 569 1194 Lumnms
593 1143 797 1203 Priscus,
826 1161 967 1210 eques
990 1144 1244 1205 Romanus,

139 1237 189 1275 et
212 1223 367 1291 magni
386 1223 575 1272 nominis
594 1225 751 1272 Poeta.

218 1306 414 1354 Anms
462 1303 734 1353 Saturninus
761 1341 771 1362 ,
812 1302 894 1367 qui
930 1320 1147 1368 praeceps
1187 1304 1248 1352 de

140 1383 380 1448 Capitolio
405 1383 539 1431 datus
560 1398 651 1442 est,
685 1384 746 1430 ob
783 1381 978 1430 carmina
1003 1382 1174 1432 famosa
1199 1383 1245 1432 in

141 1463 386 1513 Tiberium
411 1463 672 1513 Caesarem.

222 1545 456 1593 ALPmus
482 1542 683 1602 Flavus,
709 1542 825 1601 sive,
849 1556 906 1591 ut
931 1543 1098 1593 Vossio
1123 1544 1248 1592 vide-

143 1636 244 1682 tur,
268 1622 444 1672 Flavus
466 1622 619 1671 Alfius
637 1622 837 1686 Avitus,
877 1637 1001 1670 tanta
1024 1622 1248 1688 eloquen-

87 1737 93 1745 ,
145 1702 207 1751 tia
233 1702 491 1767 praeditus,
531 1715 586 1750 ut
622 1718 721 1750 raro
760 1717 863 1766 post
888 1701 1028 1749 illurn
1053 1702 1250 1751 auderet

146 1781 332 1831 Cestius
358 1782 522 1830 dicere.

227 1862 580 1911 M.AEM11.1us
609 1861 829 1921 Scaurus,
859 1861 941 1928 qui
966 1861 1251 1929 tragoediam

151 1941 410 2005 composuit
433 1942 619 1992 Atreus
640 1941 914 2007 inscriptam.

229 2019 290 2068 C.
313 2020 607 2080 Cominus,
627 2036 785 2071 auctor
809 2021 1013 2086 probrosi
1039 2021 1084 2070 in
1110 2021 1251 2071 Tibe-

150 2098 272 2148 rium
297 2099 515 2148 carminis.

231 2178 331 2229 CN.
356 2180 634 2230 LENTULUS
662 2181 971 2241 Gaetulicus,
996 2182 1064 2230 vir
1091 2199 1255 2230 consu-

992 2280 1026 2309 r}
