1731 2588
448 94 518 142 34
688 71 741 146 §.
766 77 833 125 X.
859 77 1057 127 SCRIPT.
1080 78 1291 128 PRAEsT.

443 174 558 208 ...a
582 156 673 204 Iac.
694 156 902 205 Gronov.
936 158 1093 208 Amst.
1135 173 1154 206 1
1170 157 1295 222 692.
1315 157 1451 207 Tom.
1477 174 1526 221 4.

519 234 620 284 Vol
651 250 696 281 2.

442 314 590 363 -ab
629 313 782 361 Isaaco
814 311 1102 380 Verburgio.
1148 315 1303 363 Amst.
1368 330 1527 379 1724.

523 391 637 441 Vol.
658 408 706 453 4.

443 488 558 520 -a
581 471 673 518 Iac.
698 470 900 519 Oliveto.
927 472 1091 520 Paris.
1146 486 1305 536 1740.
1336 471 1450 520 Vol.
1481 487 1528 536 9.

523 551 790 599 -Genew
841 550 998 617 1758.
1039 548 1153 599 Vol.
1204 550 1528 614 9.....Patav.

533 642 552 674 1
566 641 629 693 75
648 644 692 690 3.
716 627 830 677 Vol.
860 645 907 692 9.

446 706 770 755 -Rhetoria
791 726 815 755 a
832 707 984 755 Iacob.
1002 707 1183 767 Proust,
1200 707 1246 755 in
1262 723 1398 757 usum
1416 706 1531 756 Del-

525 783 660 846 phini.
686 785 850 833 Paris.
880 801 897 832 1
913 785 940 833 6
954 787 1040 850 87.

444 862 801 922 ...Orationess
825 881 851 911 a
875 863 1139 912 Merowile.
1166 865 1275 913 ibid.
1311 880 1329 911 1
1344 863 1469 926 684.

441 942 776 1009 -Epz‘stolae
801 944 868 989 ad
872 940 1035 1008 famil.
1060 960 1086 991 a
1105 942 1355 991 Philiberto
1371 943 1528 1003 Quar-

521 1017 618 1065 tier.
643 1021 752 1067 z'bz'cl.
788 1035 806 1067 1
822 1019 849 1067 6
863 1021 889 1068 8
904 1034 924 1087 5
938 1057 947 1067 .

447 1097 696 1165 ...Opera
729 1100 902 1147 Philas.
927 1098 1036 1148 Pars
1059 1099 1102 1147 1.
1125 1116 1151 1147 a
1176 1098 1253 1148 Fr.
1280 1098 1320 1145 l'
1339 1100 1532 1149 Honore

525 1176 633 1223 ibid.
669 1192 686 1223 1
703 1176 729 1224 6
743 1177 828 1241 89.

443 1252 498 1303 In
522 1252 600 1300 fol.
627 1256 683 1302 ab
708 1256 859 1304 Isaaco
882 1255 1165 1323 Verburgio.
1184 1257 1340 1306 Amst.
1371 1271 1530 1321 1724.

522 1332 636 1380 Vol.
669 1349 714 1380 2.

500 1409 694 1460 Lucms
712 1410 938 1460 Otacilius
954 1412 1117 1461 Pilitus
1138 1412 1429 1462 Rhetoricam
1451 1429 1533 1476 pu-

445 1485 565 1534 blice
588 1489 813 1551 professus
853 1505 918 1539 est
940 1490 1079 1539 Marii
1103 1504 1148 1539 et
1171 1490 1328 1540 Sullae
1354 1504 1531 1553 tempo-

446 1564 582 1613 ribus,
628 1567 874 1617 Historiam
892 1607 903 1628 ,
927 1588 1017 1617 non
1041 1568 1121 1618 nisi
1140 1571 1198 1617 ab
1220 1567 1536 1617 honestissimis

444 1643 547 1691 viris
586 1645 712 1694 scribi
751 1647 929 1696 solitam
948 1685 960 1707 ,
1000 1648 1172 1713 primus
1219 1645 1534 1696 libertinorum

445 1720 650 1770 omnium
675 1725 862 1774 scribere
885 1743 1009 1773 orsus
1031 1740 1110 1775 est.

520 1800 752 1863 Epmms,
769 1804 843 1852 vel
861 1804 1070 1868 Elpidius
1086 1806 1278 1863 Rhetor‚
1295 1803 1411 1852 inter
1425 1803 1533 1853 alios

443 1878 658 1927 Marcum
679 1883 937 1932 Antonium
959 1898 1004 1932 et
1024 1885 1296 1949 Augustum
1319 1882 1493 1932 docuit.

523 1957 718 2007 SEXTUS
740 1961 950 2019 Clodius,
972 1961 1167 2019 Siculus,
1182 1979 1327 2026 quem
1344 1961 1530 2009 Trium-

443 2032 510 2081 vir
551 2038 777 2086 Antonius
820 2039 1034 2105 singulari
1072 2039 1228 2088 favore
1265 2054 1530 2104 prosecutus

443 2126 534 2173 est,
558 2116 769 2180 quoniam
790 2117 835 2166 in
855 2117 956 2167 iocis
983 2117 1254 2170 excellebat.
