1731 2588
449 122 470 156 1
487 123 513 155 2
674 98 729 175 5.
754 103 819 153 X.
845 103 1044 153 sempr.
1065 102 1278 152 PRAEs’r.

441 201 705 252 quanquam
727 201 779 231 ea
802 196 868 231 est
891 182 978 230 iam
1001 181 1179 246 opinio,
1201 197 1258 230 ut
1275 181 1529 246 plurimum

440 258 675 332 (ingenii)
713 261 942 310 tribuatur
964 262 1209 320 ambobus,
1244 260 1424 309 dicendi
1462 275 1527 312 ta-

440 360 544 391 men
562 340 660 389 laus
682 355 749 389 est
770 340 815 387 in
837 339 996 388 Laelio
1019 338 1279 388 illustrior.’'

519 421 739 470 SERGIUS
765 417 998 484 Sulpicius
1022 417 1203 475 Galba,
1219 417 1295 466 cui
1314 420 1387 468 M.
1405 419 1528 468 Tul-

438 499 528 548 lius
555 498 647 547 vim
666 497 909 547 maximam
929 496 1090 546 tribuit
1110 495 1155 544 in
1175 496 1391 557 dicendo,
1410 516 1532 564 quae

439 592 592 628 tamen
617 577 696 637 „in
717 575 888 642 scriptiS
910 575 1152 626 videbatur
1174 575 1435 625 occidisse.”

526 658 775 706 Tnsmuus
797 656 1062 715 Gracchus,
1097 654 1311 723 egregius
1346 655 1533 706 ciendae

446 734 772 784 misericordiae
794 733 977 793 artifex,
996 748 1052 783 ut
1075 733 1225 800 inquit
1239 734 1533 793 Plutarchus,

438 813 634 862 dictione
658 813 831 873 suavis,
864 831 1011 878 purus
1045 825 1093 862 et
1122 812 1345 880 exquisite
1371 812 1530 863 elabo-

445 906 584 941 ratus.

521 971 685 1020 CAms
713 972 953 1021 Gracchus
964 1009 975 1029 ,
992 969 1156 1019 Tullio
1171 981 1364 1019 testante
1376 1007 1389 1029 ,
1403 986 1533 1036 gran-

443 1048 511 1097 dis
548 1062 614 1097 est
652 1050 822 1109 verbis,
857 1049 1030 1114 sapiens
1067 1047 1327 1108 sententiis,
1364 1065 1534 1115 genere

442 1141 541 1175 toto
578 1127 747 1195 gravis:
785 1146 945 1176 manus
983 1140 1187 1176 extrema
1222 1144 1313 1174 non
1351 1127 1534 1176 accessit

442 1206 657 1270 operibus
693 1205 814 1265 eius,
854 1205 1084 1271 praeclara
1122 1205 1331 1254 inchoata
1368 1205 1533 1265 multa,

445 1283 644 1349 perfecta
675 1302 765 1333 non
788 1284 967 1349 plane.”

517 1363 577 1411 C.
601 1363 836 1412 FANNms
864 1363 1049 1421 Strabo,
1069 1363 1153 1428 qui
1176 1361 1426 1411 orationem
1445 1364 1530 1412 bo·

440 1458 546 1489 nam
583 1455 630 1491 et
667 1441 891 1500 nobilem,
927 1440 1079 1489 Tullii
1119 1441 1312 1501 iudicio,
1347 1441 1535 1507 reliquit

440 1533 594 1568 contra
623 1519 889 1570 Gracchum
916 1520 974 1568 de
1001 1519 1125 1568 sociis
1152 1535 1200 1568 et
1225 1519 1406 1568 nomine
1435 1520 1528 1569 La-

437 1597 546 1646 tino.

519 1678 579 1726 C.
604 1677 805 1737 CARBo,
831 1677 960 1726 cuius
980 1678 1200 1728 orationes
1225 1677 1432 1728 nondum
1460 1694 1527 1727 sa·

442 1755 496 1803 tis
520 1755 775 1819 splendidas
800 1756 970 1815 verbis,
996 1758 1072 1805 sed
1096 1771 1251 1805 acutas
1267 1772 1315 1804 et
1332 1755 1530 1820 pruden-

441 1834 529 1882 tiae
554 1835 827 1898 plenissimas
853 1834 1013 1895 fuisse,
1033 1835 1183 1884 asserit
1204 1834 1409 1884 Tullius.

517 1913 584 1972 Q.
609 1913 804 1963 Faunus
846 1914 997 1962 Pictor
1035 1929 1080 1964 et
1114 1915 1172 1963 L.
1205 1914 1429 1963 Cmcms
1468 1913 1529 1963 de

442 1990 615 2055 quibus
641 1991 700 2039 ita
726 1993 982 2060 Dionysius
1005 1992 1182 2042 Halic.:
1207 1994 1392 2042 Horum
1419 1992 1527 2040 viro-

441 2087 545 2116 rum
568 2084 764 2136 uterque
788 2089 877 2129 res,
901 2071 1071 2137 quibus
1093 2071 1184 2136 ipse
1208 2070 1435 2130 interfuit,
1454 2085 1526 2120 ut·

439 2162 549 2212 pote
586 2151 728 2214 probe
768 2149 850 2199 sibi
883 2164 1009 2199 notas
1024 2189 1038 2211 ,
1075 2150 1316 2217 diligenter
1357 2148 1525 2215 scriptis
