1699 2620
503 109 724 161 SAECULI
745 111 798 161 P.
826 113 886 164 C.
905 116 945 166 Ι.
1222 124 1286 176 61

192 199 353 237 rantur
377 188 523 249 Cam,
548 191 724 241 Medea
741 230 754 252 ,
781 207 827 242 et
852 197 1095 266 Thyestes.

271 269 486 318 Sumus
511 271 700 331 BassuS,
741 273 872 323 cuius
911 276 1146 345 ingenium
1171 282 1290 333 Poe:-

189 347 335 398 ticum
388 347 552 400 laudat
589 351 916 413 Quintilianus
964 359 1114 409 Instit.
1161 365 1292 414 Orat.

186 426 219 475 1.
249 442 332 475 10.
352 445 390 476 c,
419 444 461 477 1.

265 506 501 559 Cmmus
533 512 810 574 Montanus,
843 516 986 566 Poeta
1019 532 1067 568 et
1102 522 1288 585 Orator,

184 585 317 635 cuius
356 601 423 637 est
459 591 588 654 apud
627 592 846 644 Tacitum
878 597 1041 646 Oratio
1073 601 1288 654 adversus

183 665 437 733 Aquilium
457 670 717 737 Regulum.

261 748 425 797 T1Tus
450 748 642 811 Caesar,
663 753 768 819 qui,
793 769 848 805 ut
873 756 1082 824 loquitur
1102 761 1279 812 Eutro-

178 825 307 891 pius,
329 827 492 877 Latine
519 848 674 881 causas
694 833 812 901 egit,
833 851 976 903 atque
997 840 1216 891 Poemata
1234 860 1284 893 et

176 906 458 973 Tragoedias
481 909 662 961 Graece
689 917 960 979 composuit.

253 986 597 1039 DOMITIANUS
623 1029 634 1049 ,
684 993 761 1040 cui
808 997 1001 1045 Vossius
1051 1001 1274 1052 Arateam

173 1064 517 1116 translationem
541 1070 766 1121 adscribit.

250 1145 455 1197 SCAEVA
471 1149 680 1211 Memor,
697 1153 842 1203 Poe‘ta
862 1156 1058 1223 tragicus
1071 1197 1082 1218 ,
1098 1161 1173 1209 cui
1192 1162 1270 1211 tri-

169 1225 274 1273 buit
297 1225 501 1294 Scaliger
521 1230 766 1282 Octaviam
788 1237 1095 1302 tragoediam,
1127 1242 1273 1292 Sene-

169 1322 248 1354 cae
271 1305 557 1371 adscriptam.

246 1385 482 1447 Tunnus,
507 1389 729 1440 Memoris
752 1391 912 1454 frater,
938 1395 1081 1445 Poe'ta
1106 1401 1267 1469 satyri-

166 1481 272 1523 cus,
294 1464 352 1514 de
375 1484 472 1533 quo
496 1469 657 1519 cecinit
679 1473 928 1523 Martialis:

244 1545 453 1596 Contulit
487 1550 557 1598 ad
597 1562 788 1617 satyras
827 1556 1037 1622 ingentia
1064 1569 1266 1626 pectora,

322 1627 506 1677 Turnus
520 1648 534 1677 .·

240 1703 341 1754 Cur
365 1725 446 1755 non
466 1709 536 1757 ad
567 1710 796 1761 Memoris
817 1717 1023 1764 carmina
1041 1720 1065 1764 ,Ρ
1084 1715 1261 1785 frater

318 1797 442 1835 erat.

236 1863 510 1917 ARUNTms
535 1869 682 1920 Stella
700 1909 711 1930 ,
752 1871 1001 1924 Patavinus
1020 1914 1031 1934 ‚
1070 1877 1262 1928 celebris

157 1940 539 2012 elegiographus,
564 1950 646 2017 qui
669 1952 926 2002 Domitiani
946 1955 1181 2007 victoriam
1199 1960 1259 2009 de

156 2021 371 2073 Sarmatis
394 2029 590 2078 carmine
613 2030 863 2098 descripsit.

234 2102 525 2156 Lusrrucus
556 2110 807 2161 Brutianus
832 2113 1038 2182 elegiaco
1061 2118 1259 2167 carmine

154 2179 321 2230 claruit
344 2184 482 2245 adeo,
518 2202 572 2236 ut
605 2188 688 2254 ipsi
712 2190 1004 2242 Callimacho
1028 2197 1257 2260 praefera-

153 2272 232 2307 tur
254 2279 280 2310 a
302 2263 533 2315 Martiale.
932 2290 967 2323 G
992 2290 1015 2322 2
