1699 2620
476 128 702 179 SAEcuu
724 125 785 172 A.
812 124 873 175 C.
892 126 958 175 ΙΙ.
1219 147 1240 179 1
1257 149 1283 197 3

185 208 442 264 mandavit:
475 223 544 255 res
566 222 677 254 vero
699 203 883 269 priscas,
916 223 1040 272 quae
1068 220 1171 271 post
1193 210 1288 259 Ur-

186 296 295 343 bem
316 287 546 339 conditam
570 298 725 353 gestae
745 299 879 345 sunt,
899 286 1161 336 summatim
1181 307 1287 355 per-

185 369 371 421 currit.”

242 449 301 498 L.
313 446 650 498 CAmemms
669 443 773 493 Piso
785 482 797 504 ,
814 444 1068 494 Annalium
1085 447 1289 511 scriptor,

187 545 332 597 quem
351 528 412 576 ob
437 523 808 589 simplicissimam
836 539 883 573 et
917 525 980 574 rei
1011 539 1058 575 et
1081 527 1290 576 orationis

188 607 464 657 suavitatem
488 603 651 653 laudat
675 603 882 654 Gellius.

267 686 542 736 MmATms
568 682 748 742 Rufus,
771 701 917 749 quem
939 683 1130 734 Catonis
1154 703 1293 751 expe-

189 766 412 816 ditionem
435 762 715 832 Cypriacam
737 761 877 812 literis
901 765 1157 825 mandasse,
1186 783 1293 814 con-

193 845 286 897 iicit
308 843 517 895 Vossius.

271 923 335 973 C.
355 923 593 972 FANNms
608 958 619 980 ‚
659 938 686 969 a
724 919 903 970 Fannio
938 923 1136 973 Oratore
1161 941 1298 989 supra

194 1013 446 1055 memorato
481 999 683 1047 diversus
701 1037 713 1059 ‚
748 1000 880 1048 cuius
904 1001 1046 1049 omnis
1071 1002 1116 1049 in
1142 1003 1298 1052 dicen-

193 1084 258 1132 do
279 1079 495 1138 facultaS,
517 1091 572 1126 ut
590 1078 741 1145 inquit
765 1078 980 1138 Tullius,
1020 1098 1080 1129 ex
1116 1082 1300 1131 historia

196 1161 336 1228 ipsius
359 1176 450 1208 non
472 1156 758 1224 ineleganter
792 1158 954 1223 scripta
978 1160 1170 1225 perspici
1215 1180 1299 1225 po-

197 1255 312 1300 test,
345 1256 468 1306 quae
506 1255 661 1303 neque
699 1237 827 1287 nimis
856 1252 923 1287 est
960 1238 1126 1299 infans,
1151 1258 1303 1306 neque

201 1319 407 1386 perfecte
444 1316 653 1365 diserta.’'

282 1400 582 1455 szomus,
606 1394 889 1455 Historicus,
914 1395 1005 1446 fide
1029 1396 1200 1465 dignus
1218 1415 1303 1446 au-

204 1477 276 1528 dit
296 1495 323 1526 a
346 1476 548 1544 Dionys.
566 1473 964 1524 Halicarnassensi.

284 1557 344 1606 L.
363 1555 583 1605 CAssms
609 1553 811 1603 Hemina
848 1554 1020 1619 scripsit
1055 1555 1309 1605 Annalium

207 1636 348 1685 libros
371 1635 466 1685 IV.
486 1634 532 1682 in
561 1651 768 1699 quorum
790 1633 959 1682 ultimo
981 1634 1076 1701 egit
1100 1636 1158 1683 de
1183 1634 1310 1684 bello

208 1714 388 1765 Punico
407 1712 658 1778 posteriori.

289 1794 690 1845 C.Sr-:m›1‹omus
723 1792 1012 1852 Tuditanus,
1052 1793 1160 1860 qui,
1185 1793 1311 1841 Tul-

213 1874 277 1923 lio
313 1886 507 1923 testante
524 1910 535 1931 ‚
572 1871 707 1920 libros
730 1871 1184 1922 Commentariorum
1209 1873 1311 1921 scri-

213 1953 328 2019 psit,
350 1951 551 2020 eleganti
574 1951 783 2000 orationis
807 1970 990 2019 genere.

294 2033 351 2081 L.
364 2031 595 2081 Cunus
612 2031 856 2096 Antipater
876 2032 1047 2096 scripsit
1065 2032 1317 2082 Annalium

219 2110 333 2160 belli
357 2110 523 2159 Punici
547 2111 734 2159 secundi
758 2111 895 2159 libros
919 2113 1040 2161 VII.
1055 2150 1065 2170 ‚
1096 2131 1211 2178 quos
1235 2129 1320 2174 po·

220 2203 316 2239 stea
337 2192 410 2239 M.
430 2191 628 2249 Brutus,
649 2204 762 2240 teste
782 2190 1031 2249 Cicerone,
1048 2191 1092 2238 in
1114 2207 1321 2254 compen—

220 2270 352 2320 dium
374 2269 568 2337 redegit.
991 2287 1022 2317 D
1056 2285 1079 2317 2
