1683 2604
427 111 451 145 1
467 93 534 145 86
672 86 726 162 5.
750 92 816 141 X.
840 92 1040 142 ScmPT.
1060 91 1275 143 PRAEs‘r.

420 175 739 227 Ratisbonens.
758 174 898 242 Oper.
914 191 1022 220 omn.
1041 172 1193 220 studio
1216 186 1262 220 et
1286 171 1440 223 labore
1459 170 1519 225 F.

422 254 546 303 Petri
563 254 770 319 Iammy,
798 252 953 317 Lugd.
986 267 1004 298 1
1020 252 1084 318 65
1106 267 1146 298 1.
1169 253 1305 300 Tom.
1335 269 1359 300 2
1377 269 1395 300 1
1410 291 1419 301 .
1435 253 1519 302 fol.

417 335 590 384 *De
648 332 893 379 conditione
941 341 1191 378 creaturae
1242 334 1518 389 rationalis,

419 414 686 477 Amhergae
721 426 737 458 1
754 426 823 474 70
839 423 881 476 ς.
917 424 934 456 1
954 426 977 456 2
989 405 1102 457 ‚0—
1112 411 1350 459 Doctrina
1367 412 1517 460 dicen-

419 493 474 540 di
490 503 532 540 et
555 490 742 538 tacendi
756 525 770 544 ,
793 490 957 537 Paris.
989 504 1007 535 1
1023 504 1090 552 49
1108 504 1126 535 1
1142 527 1235 538 ...-
1245 491 1327 538 De
1345 493 1518 557 origine

418 582 465 620 et
490 570 828 619 inmortalitate
862 569 1068 628 animae,
1107 568 1323 618 Norimb.
1355 584 1514 634 1493.

426 645 500 711 4⁰

496 730 656 778 HUGo
680 729 738 777 de
775 729 820 778 S.
843 728 989 787 Cam,
1030 727 1203 792 primus
1242 743 1301 775 ex
1340 722 1519 778 Ordine

418 808 723 857 Praedicator.
751 806 1022 856 Cardinalis.
1041 809 1346 856 Commentar.
1368 808 1413 854 in
1430 808 1517 856 W-

419 898 496 937 tus
518 899 563 935 et
582 888 713 936 ZVov.
749 887 1088 935 Testamentum
1103 924 1114 945 ,
1153 887 1316 936 Wnet.
1352 901 1370 932 1
1387 885 1517 935 600.

420 967 578 1033 Lugd.
608 982 626 1014 1
643 966 670 1013 6
683 983 768 1030 09.
789 980 835 1014 et
849 983 996 1029 nuper
1013 968 1173 1014 Venet.
1202 980 1220 1012 1
1235 980 1362 1029 737.
1377 966 1516 1013 Tom.

426 1046 474 1093 8.
495 1045 574 1092 fol.
587 1085 667 1093 --
680 1047 909 1093 Sermones
921 1082 932 1103 ,
949 1046 1113 1092 Paris.
1141 1060 1160 1090 1
1174 1044 1301 1105 480.
1314 1045 1518 1113 ...Spe-

420 1127 564 1173 culum
589 1124 911 1177 Sacerdotum,
953 1123 1109 1189 Lugd.
1145 1137 1163 1169 1
1183 1135 1202 1189 5
1223 1136 1305 1190 54.
1322 1124 1518 1172 „Con-

422 1205 691 1252 cordantiae
738 1203 995 1250 Bibliorum
1014 1237 1029 1258 ,
1074 1202 1222 1251 Colon.
1273 1217 1292 1249 1
1308 1200 1335 1249 6
1349 1201 1434 1264 84.
1471 1215 1521 1250 et

421 1282 530 1331 alibi
554 1301 673 1346 saep.

500 1364 783 1410 MARTINUS
810 1361 1038 1420 Polonus,
1079 1360 1240 1410 Ordin.
1265 1360 1519 1410 Praedicat.

423 1441 642 1505 Archiep.
681 1441 938 1489 Gnesnens.
980 1442 1228 1489 Clzronicon
1264 1458 1296 1488 a
1330 1441 1519 1489 Christo

421 1531 530 1569 nato
551 1520 609 1567 ad
633 1537 736 1567 ann.
772 1535 790 1566 1
809 1535 933 1584 277.
962 1520 1070 1567 edit.
1111 1538 1135 1567 a
1173 1521 1331 1567 Ioann.
1356 1517 1518 1567 Fabri-

421 1600 492 1648 cio
513 1599 727 1657 Caesare,
751 1600 901 1647 Colon.
926 1614 943 1646 1
960 1599 988 1646 6
1006 1614 1023 1646 1
1039 1598 1087 1645 6.
1109 1597 1394 1647 f01.—Cum
1430 1597 1523 1646 ad-

419 1681 690 1728 ditamentis
714 1678 772 1725 ad
797 1696 898 1725 ann,
930 1694 947 1725 Ι
967 1694 1090 1742 343.
1108 1691 1257 1726 exstat
1278 1677 1393 1726 inter
1411 1675 1522 1726 Scri-

420 1773 570 1823 ptores
595 1757 732 1805 medii
757 1756 858 1805 aevi
883 1775 907 1803 a
932 1758 1093 1805 Ioann.
1120 1758 1299 1822 Georg.
1322 1757 1525 1803 Ecchar-

420 1839 481 1885 do
493 1877 503 1896 ‚
530 1838 663 1905 szs.
692 1853 710 1884 1
725 1853 755 1900 7
769 1854 791 1883 2
808 1854 850 1900 3.
868 1836 948 1884 fol.
961 1837 1238 1884 ...Tabula
1258 1832 1525 1883 Afartinia-

420 1935 482 1964 na
509 1917 713 1963 Decreti
737 1927 780 1962 et
798 1917 1049 1964 Decretal.
1074 1917 1333 1981 Argentor.
1362 1929 1380 1960 1
1396 1912 1525 1975 486.

420 1995 585 2044 Paris.
617 2010 635 2041 1
656 2008 674 2060 ς
693 1994 718 2041 S
734 2007 778 2060 5.
804 1992 862 2041 ad
887 1993 1057 2041 calcem
1085 1995 1316 2041 Decretor
1336 1992 1528 2041 Gratia-

419 2074 467 2122 ni
493 2112 504 2132 ,
544 2075 628 2120 sub
669 2072 808 2121 titulo
848 2074 1176 2139 fllatgaritae
1221 2073 1530 2123 Decreti.-...

420 2155 676 2209 Sermones,
703 2153 961 2220 Argentor.
991 2151 1153 2215 1486.
1189 2151 1353 2214 1488.
