1731 2588
466 124 496 170 6
711 118 764 194 §.
790 124 856 174 Χ.
879 124 1078 176 Solum.
1099 125 1311 176 PRAEST.

840 244 906 305 Q.
938 246 1187 294 TRABEAS.

539 363 666 410 Inter
705 362 971 412 celebriores
1009 363 1276 413 fabularum
1318 362 1554 428 scriptores

462 455 732 489 numeratur
751 442 960 501 Quintus
977 445 1177 492 Trabeas
1192 483 1202 502 ‚
1223 443 1353 492 cuius
1373 443 1554 491 urbani·

462 520 562 567 tatis
580 520 824 586 vestigium
850 521 1077 586 reliquum
1105 536 1171 570 est
1196 523 1337 584 lib.4.
1356 522 1552 580 Quaest.

463 598 662 647 Tuscul.
705 601 776 647 M.
820 599 992 648 Tullii.
1032 601 1202 650 Cetera
1249 601 1345 650 eius
1390 600 1554 665 scripta

462 677 711 740 perierunt.

675 797 840 847 CAms
867 801 1109 850 Lxcmms
1134 803 1348 850 IMBREX.

544 917 688 968 Caius
713 918 918 968 Licinius
954 921 1164 979 Imbrex,
1199 934 1334 969 vetus
1354 919 1557 969 Comoe-

468 997 645 1045 diarum
686 997 869 1061 scriptor
889 1036 900 1056 ,
938 999 1059 1047 idem
1084 1013 1148 1047 est
1172 997 1462 1061 Glandorpio
1507 1014 1560 1045 ac

467 1075 662 1124 Publius
687 1075 887 1124 Licinius
908 1078 1117 1143 Tegula,
1147 1077 1226 1142 qui
1254 1094 1435 1125 carmen
1456 1075 1558 1123 scri-

465 1153 568 1219 psit,
589 1172 613 1201 a
638 1170 704 1202 ter
727 1155 911 1203 novenis
931 1156 1184 1222 virginibus
1205 1155 1559 1212 decantandum,
1628 1202 1630 1205 ,

466 1251 582 1280 anno
599 1235 666 1282 V.
685 1233 746 1281 C.
768 1252 913 1282 Dmv.
933 1235 1005 1282 Ex
1024 1235 1119 1282 eius
1140 1235 1311 1299 scriptis
1335 1233 1470 1282 unice
1487 1235 1561 1280 ha-

467 1314 630 1362 bemus
654 1312 898 1362 versiculos
921 1313 1055 1373 duos,
1072 1331 1186 1380 quos
1204 1313 1394 1363 Gellius
1411 1328 1566 1362 recen·-

467 1403 534 1438 set
558 1390 637 1438 lib.
673 1406 754 1454 13.
777 1408 814 1438 c.
841 1407 925 1439 21.

890 1511 1143 1561 PLAurrUs.

544 1628 933 1696 Ingeniosissimus
948 1643 994 1679 et
1011 1628 1299 1679 facetissimus
1309 1629 1561 1677 Poetarum

467 1710 664 1756 habetur
688 1710 759 1757 M.
781 1708 973 1768 Accius,
996 1709 1191 1757 Plautus
1217 1708 1561 1774 cognominatus

468 1787 561 1835 sive
585 1787 773 1841 Plotus3
792 1787 965 1853 antiqui
991 1787 1109 1836 enim
1129 1806 1190 1836 au
1208 1805 1290 1851 pro
1311 1805 1332 1834 o
1351 1785 1562 1851 frequen·

468 1879 538 1914 ter
563 1867 750 1915 scribere
777 1866 998 1915 solebant.
1039 1866 1188 1915 Patria
1220 1865 1311 1914 fuit
1355 1864 1563 1923 Sarsinas,

469 1946 724 1993 conditione
750 1945 961 2003 humilis,
991 1959 1177 2010 aspectu
1203 1943 1438 1996 defoi·mis;
1473 1959 1562 1991 ser-

467 2040 598 2072 mone
621 2038 778 2072 autem
803 2027 1005 2072 urbanus
1039 2038 1085 2072 et
1125 2023 1307 2089 elegans
1342 2022 1482 2080 adeo,
1509 2032 1564 2069 ut

466 2102 632 2151 Aelius
644 2103 772 2152 Stolo
794 2103 1048 2162 crediderit,
1066 2104 1228 2152 Musas
1245 2100 1462 2149 Plautino
1480 2117 1563 2148 ser·

467 2196 602 2231 mone
626 2180 760 2232 fuisse
785 2181 1017 2232 locuturas
1033 2220 1044 2242 ,
1067 2181 1099 2231 si
1125 2179 1289 2231 Latine
1315 2178 1448 2245 loqui
1471 2176 1565 2226 vel-
