1683 2604
405 151 428 187 1
450 149 518 198 14
645 126 698 202 5.
725 131 793 181 X.
818 129 1019 182 Scmrr.
1045 131 1259 182 PRAEST.

399 213 658 283 principum
695 212 882 260 heroicis
923 212 1196 261 carminibus
1234 209 1499 262 celebravit.

401 294 627 345 Alienum
659 310 684 339 a
709 291 880 340 Christi
901 291 1120 357 religione
1146 291 1305 351 fuisse,
1329 305 1501 340 testan-

401 386 480 421 tur
506 373 551 422 S.
578 371 874 438 Augustinus
900 384 946 419 et
971 370 1150 418 Paulus
1172 371 1376 419 Orosius.
1408 371 1503 420 Di-

402 452 493 500 ctio
519 470 600 515 pro
621 450 792 499 ratione
817 449 942 498 illius
965 449 1065 498 aevi
1090 451 1206 498 bona
1231 465 1298 498 est
1319 489 1330 509 ,
1354 449 1503 516 inquit

403 530 683 584 Walchius;
708 530 799 579 vim
823 544 979 577 autem
1014 528 1218 577 carminis
1244 528 1504 596 elegantem

404 628 497 658 non
533 628 707 674 semper
755 608 1039 676 adsequitur.
1086 608 1262 658 Prodiit
1304 609 1508 674 primum

405 690 568 739 Wnet.
601 689 762 753 1482.
782 687 867 737 fol.

539 825 837 858 EDITIONES
878 825 1371 859 PRAESTANTIORES.

405 930 463 982 In
493 925 566 979 Sf'*
583 948 690 978 cum
711 942 804 977 not.
824 946 919 977 var.
947 930 1104 979 Amst.
1133 945 1151 977 1
1168 929 1297 997 665.

405 1028 523 1062 ——a
544 1010 891 1058 Ioann.Matth.
919 1010 1153 1066 Gesner0‚
1178 1010 1313 1077 szos.
1345 1023 1520 1076 1759.-

486 1089 603 1137 Vol.
637 1106 681 1136 2.

408 1168 467 1218 In
501 1163 574 1229 4⁰
618 1167 664 1214 in
702 1184 842 1215 usum
877 1164 1060 1230 Delph.
1093 1183 1118 1214 a
1141 1165 1280 1215 Guil.
1317 1167 1515 1234 Pyrrho„

488 1248 655 1295 Petris.
691 1262 707 1293 1
725 1246 852 1310 677.

409 1343 524 1376 —a
568 1327 706 1374 Petro
747 1326 1013 1373 Burmanno
1050 1324 1308 1384 Secundo,
1353 1326 1513 1375 Amst.

497 1404 662 1469 1760,

824 1484 1097 1533 DoNATus.

490 1562 656 1612 Aelius
693 1563 913 1610 Donatus
950 1563 1309 1612 Grammaticam
1337 1564 1519 1614 Romae

413 1642 603 1709 publice
622 1641 812 1700 docuit„
825 1654 871 1689 et
889 1642 935 1691 S.
954 1641 1231 1709 Hieronymi
1250 1657 1521 1707 praeceptor

414 1722 521 1770 fuit.
560 1722 745 1770 Praeter
783 1735 913 1768 notos
953 1721 1301 1770 commentarios
1335 1722 1383 1770 in
1403 1721 1519 1770 Vir-

416 1800 582 1868 gilium
608 1814 654 1849 et
678 1799 975 1858 Terentium,
1017 1800 1187 1864 scripsit
1212 1801 1316 1849 artis
1346 1801 1521 1848 Gram-

417 1879 607 1928 maticae
635 1893 903 1943 praecepta,
934 1897 1055 1945 quae
1094 1879 1296 1943 primum
1339 1878 1519 1943 prodie-

419 1971 529 2006 runt
553 1960 803 2009 Harlemi3
848 1957 1013 2006 deinde
1038 1960 1323 2024 Moguntz'ae
1357 1971 1455 2027 145
1471 1975 1520 2019 0,

419 2050 470 2085 et
492 2053 598 2087 cum
618 2036 712 2087 aliis
737 2036 1071 2087 Grammaticis.
1108 2056 1152 2088 v.
1174 2032 1228 2108 5.
1253 2039 1319 2091 V.
