1683 2604
400 147 470 216 96
646 142 701 217 §
726 147 794 197 X.
817 147 1019 196 SCRIPT.
1045 147 1259 196 PRAEST.

399 231 577 278 Romae
599 227 729 291 apud
753 226 1031 277 Udalricum
1061 226 1289 287 Gallum,
1322 229 1499 296 absque

398 308 501 356 anni
525 320 654 365 nota,
679 305 761 354 fol.

533 444 828 476 EDITIONES
869 441 1363 476 PRAESTANTIORES.

404 548 460 597 In
491 542 560 596 ί(8.0
584 565 691 595 cum
714 560 811 594 not.
834 546 1070 613 Bongarsii
1086 584 1100 606 ,
1115 548 1283 597 Paris.
1306 548 1502 598 Robert.

483 627 643 691 Steph.
678 642 697 673 Ι
717 640 736 693 5
754 627 782 675 8
798 641 816 673 Ι
831 664 841 673 .

402 722 601 756 ..c-cum
639 720 735 753 not.
773 724 867 754 var.
904 706 1062 772 Lugd.
1098 706 1291 754 Batav.
1334 721 1353 754 1
1369 705 1398 755 6
1412 719 1434 775 5
1450 724 1501 754 o.

493 784 1049 848 1660.1669.1688.

404 882 519 915 —a
539 866 699 913 Ioann.
719 863 847 913 Frid.
867 863 1124 923 Gronovio,
1138 865 1501 931 Lugd.Batav.

493 944 654 1009 1663.

407 1041 606 1071 -cum
630 1023 745 1071 notis
768 1041 862 1071 var.
884 1037 930 1072 et
947 1023 1152 1072 Graevii.
1174 1024 1312 1072 Trai.
1338 1039 1356 1071 1
1372 1021 1504 1088 669.

488 1116 535 1149 et
559 1103 715 1169 Lugd.
741 1103 930 1150 Batav.
964 1101 1126 1166 1683.
1156 1117 1319 1166 1701.

409 1199 524 1228 —a
550 1182 720 1228 Thom.
744 1182 946 1240 Hearne,
968 1182 1110 1230 Oxon.
1142 1197 1159 1228 1
1174 1197 1304 1245 703.

411 1261 555 1310 -ab
572 1262 747 1308 Abrah.
765 1260 915 1309 Gron.
938 1261 1096 1328 Lugd.
1120 1261 1314 1309 Batav.
1338 1277 1357 1308 1
1371 1277 1404 1326 7
1418 1276 1436 1309 1
1452 1277 1505 1326 9.

497 1339 659 1403 1760.

410 1436 524 1467 ...a
544 1419 702 1465 Ioann.
724 1418 851 1466 Frid.
878 1418 1119 1478 Fischero‚
1138 1420 1273 1488 szs.
1299 1435 1319 1466 1
1334 1435 1366 1482 7
1379 1431 1399 1485 ς
1412 1435 1465 1481 7.

411 1498 469 1547 In
497 1492 568 1558 4⁰
605 1497 650 1544 in
687 1515 825 1544 usum
864 1498 1047 1561 Delph.
1085 1516 1111 1546 a
1148 1499 1287 1547 Petro
1318 1498 1507 1562 Ioseph.

490 1575 707 1625 Cantelio
719 1615 731 1636 ,
750 1578 917 1626 Paris.
951 1593 969 1624 1
986 1576 1013 1624 6
1024 1593 1114 1642 77.

647 1695 878 1745 CAELms
919 1697 1271 1747 AURELIANUS.

490 1813 688 1865 Caelius
729 1814 1032 1875 Aurelianus,
1074 1816 1291 1864 Medicus
1326 1816 1507 1866 AfrIca-

415 1913 525 1952 nm,
550 1894 633 1960 qui
657 1895 947 1943 Graecorum
980 1884 1391 1944 vetustissimorum
1421 1896 1507 1944 do-

417 1972 575 2021 ctrinas
615 1972 825 2039 collegit,
865 1974 1024 2022 floruit
1067 1976 1152 2023 sub
1190 1975 1329 2023 finem
1365 1975 1508 2024 huius

416 2051 601 2099 saeculi.
640 2052 683 2099 Is
705 2052 761 2099 de
795 2071 842 2100 re
874 2053 1050 2102 medica
1074 2054 1238 2121 magis,
1272 2072 1413 2121 quam
1447 2054 1507 2104 de

417 2130 627 2178 sermonis
650 2131 923 2195 proprietate
959 2132 1183 2193 solicitus,
1213 2133 1508 2183 barbarismos

416 2208 593 2276 ubique
614 2224 658 2261 et
678 2210 960 2262 soloecismos
989 2213 1266 2275 cumulavit.
1307 2214 1384 2264 Ex
1407 2213 1509 2263 eius
