1683 2604
434 150 455 183 1
474 150 496 181 2
511 150 541 181 0
685 124 738 201 §.
760 129 828 180 X.
855 129 1059 181 Serum.
1079 131 1294 183 PRAEs‘r.

428 215 487 264 In
513 208 584 275 4.⁰
612 212 669 259 ab
694 211 842 260 Henr.
865 211 1081 271 valesio,
1105 214 1271 262 Paris.
1306 211 1468 279 1636.

425 310 624 344 —cum
663 305 758 340 not.
798 309 891 340 var.
931 309 957 339 a
998 292 1092 340 Iac.
1131 294 1344 344 Gronov.
1370 294 1530 362 Lugd.

505 373 698 421 Batav.
730 387 747 419 1
764 370 892 436 693.

426 455 482 504 In
506 451 588 499 fol.
615 469 724 500 cum
748 465 843 500 not.
865 469 959 501 var.
999 468 1096 501 cur.
1129 452 1286 501 Iacob.
1315 453 1528 504 Gronov.

502 533 662 599 Lugd.
688 532 879 580 Batav.
916 547 933 579 1
950 530 1077 596 693.

424 614 572 663 ...ab
599 612 747 660 Henr.
773 609 988 671 valesio,
1011 613 1178 661 Paris.
1207 627 1227 659 1
1243 610 1371 661 681.

715 732 893 782 IULms
921 732 1238 787 OBSEQUENS.

525 854 652 902 Ante
691 852 888 903 Honorii
926 865 1134 917 tempora
1177 851 1347 917 scripsit
1377 849 1531 900 Iulius

424 934 700 999 Obsequens
717 933 888 981 librum
911 933 967 981 de
974 933 1231 1001 prodzgiis,
1242 932 1285 979 in
1302 949 1398 998 quo
1422 930 1531 980 alie-

423 1014 469 1061 ni
494 1012 664 1062 saeculi
688 1031 855 1061 aurum
879 1011 1092 1069 retinuit,
1118 1011 1145 1058 i.
1169 1029 1209 1059 e.
1235 1010 1357 1060 Livii
1386 1012 1528 1059 verba

423 1092 686 1159 frequenter
712 1090 1011 1141 conservavit.
1052 1090 1218 1154 Operis
1242 1107 1343 1156 pars
1366 1089 1528 1139 melior

424 1172 604 1220 interiit.
644 1170 983 1238 Fragmentum
1023 1169 1167 1219 edidit
1209 1169 1381 1234 primus
1412 1169 1530 1218 Ald.

424 1253 612 1300 Manut.
656 1268 750 1300 una
788 1268 897 1300 cum
941 1248 1142 1315 epistolis
1163 1249 1322 1310 Plinii,
1361 1250 1420 1300 V
1410 1259 1526 1299 εκεῖ.

433 1327 699 1399 1508.8f

580 1477 860 1508 EDITIONES
895 1475 1364 1508 PRAESTANTIORES.

423 1577 480 1625 In
509 1571 579 1625 8.“
599 1594 625 1623 a
649 1576 808 1623 Ioann.
835 1573 1094 1632 Scheffero,
1119 1575 1276 1623 Amst.
1314 1589 1332 1622 1
1350 1571 1477 1639 679.

425 1675 540 1706 —a
562 1657 736 1712 Thorn.
764 1657 978 1714 Hearne,
1013 1657 1156 1704 Oxon.
1190 1672 1298 1705 cum
1327 1656 1527 1720 Eutrop.

511 1752 672 1801 1703.

426 1835 540 1867 ...ἢ
566 1816 608 1865 F
611 1833 731 1863 rane.
754 1813 1096 1879 Oudendorpio
1113 1851 1126 1874 ,
1150 1813 1308 1882 Lugd.
1332 1815 1526 1863 Batav.

511 1912 673 1960 1720.

857 1974 1093 2025 Somnus.

503 2055 564 2104 C.
578 2054 728 2103 Iulius
746 2053 944 2114 Solinus,
961 2073 1102 2120 quem
1119 2052 1363 2105 Salmasius
1373 2053 1529 2123 Aegy-

424 2135 574 2201 ptium
589 2174 600 2194 ‚
635 2133 872 2183 Fabricius
895 2135 1164 2184 Romanum
1188 2133 1434 2183 divinando
1458 2134 1528 2182 fa-

425 2216 508 2277 cit,
529 2232 590 2266 ex
616 2213 745 2265 variis
769 2213 915 2276 libris,
955 2213 1033 2265 sed
1065 2213 1352 2283 potissimum
1375 2230 1434 2266 ex
1455 2211 1528 2264 hi-
