1683 2604
433 148 509 198 94
676 123 729 199 §.
754 127 820 178 X.
848 126 1048 180 SCRIPT.
1074 128 1287 179 PRAEST.

425 213 531 260 bros
555 211 704 267 XX,
746 226 804 257 ex
842 227 1043 275 quorum
1079 209 1262 257 duobus
1296 204 1523 272 prioribus

423 290 662 338 desumtae
683 303 787 336 sunt
810 288 936 355 leges
961 288 1189 354 quaedam
1208 288 1253 335 in
1268 287 1522 337 Pandectis.

502 368 748 427 QUINTUS
771 367 1022 417 Cervidius
1047 367 1267 416 Scaevola
1284 406 1295 426 ,
1316 385 1411 433 quo
1436 368 1523 416 Iu·

422 447 755 512 risprudentiae
775 447 991 514 magistro
1008 446 1078 494 usi
1101 460 1205 494 sunt
1228 447 1300 495 M.
1322 445 1521 495 Antoni-

421 545 509 577 nus
548 526 878 589 Philosophus,
919 524 1169 590 Septimius
1202 525 1397 575 Severus
1422 563 1434 584 ,
1472 539 1520 573 et

420 623 615 672 magnus
635 605 924 668 Papirianus‚
947 604 1116 670 scripsit
1135 607 1439 672 Digestorum
1461 605 1521 651 li-

418 686 525 733 bros
549 686 751 734 XL-
766 686 932 734 Notas
955 685 1023 733 ad
1048 686 1189 732 libros
1211 686 1522 751 Digestorum

421 765 615 813 Iuliani.
632 805 712 813 -
730 766 813 813 De
857 765 1118 830 quaestione
1147 760 1369 828 familiae
1403 763 1520 811 liber

418 847 537 910 sing.
552 884 634 891 ....
646 845 973 907 Quaestionum
994 843 1135 890 libros
1159 843 1520 904 XX-Quae-

418 925 613 972 stionum
639 924 825 993 publice
860 932 1182 971 tractatarum
1203 921 1281 969 lib.
1303 923 1518 987 sing..—

418 1003 712 1068 Regularum
736 1003 875 1050 libros
899 1002 1002 1050 IV.
1013 1040 1094 1048 -.-
1104 1002 1440 1069 Responsorum
1458 1001 1516 1049 li-

417 1081 523 1128 bros
561 1082 621 1130 V
618 1073 925 1146 I......‘Of›5v
965 1079 1043 1128 lib.
1080 1078 1515 1146 singulm—Notas

416 1160 547 1227 apud
569 1160 867 1208 Marcellum.
909 1159 1171 1223 Supersunt
1194 1158 1447 1224 fragmenta
1467 1157 1514 1207 in

420 1237 673 1287 Pandectis.

493 1318 743 1377 Qum‘rus
768 1318 1003 1368 Claudius
1027 1317 1320 1377 Saturninus,
1344 1316 1513 1382 scripsit

416 1398 500 1446 De
513 1401 676 1465 poenis
688 1415 987 1467 paganorum
1020 1400 1082 1445 lib
1116 1400 1282 1464 singul.
1304 1415 1380 1446 vex
1414 1414 1513 1463 quo

413 1474 493 1523 lex
514 1476 647 1524 unica
671 1491 876 1541 superest
893 1476 938 1524 in
959 1476 1180 1542 Digestis.

495 1556 878 1606 TARRUNTENUS
897 1557 1118 1604 Paternus
1129 1593 1140 1614 ,
1158 1555 1242 1621 qui
1258 1554 1511 1622 diligentis-

413 1633 550 1682 simus
589 1634 697 1683 iuris
736 1634 936 1683 militaris
974 1647 1160 1683 assertor
1188 1634 1453 1699 appellatur
1482 1652 1512 1684 a

414 1713 641 1779 Vegetio,
668 1714 760 1762 fuit
784 1713 1007 1778 praetorio
1031 1712 1320 1774 Praefectus,
1343 1727 1390 1763 et
1410 1715 1507 1762 Im-

410 1791 603 1854 peratori
625 1792 888 1841 Commodo
927 1813 953 1842 a
995 1792 1200 1840 consiliis.
1241 1791 1426 1856 Scripsit
1446 1792 1508 1841 de

409 1888 460 1918 re
481 1872 680 1920 militari
699 1873 840 1921 libros
865 1872 903 1921 Ι
907 1873 991 1931 V.‚
1023 1888 1226 1938 quorum
1249 1870 1505 1939 fragmenta

407 1964 642 1997 servantur
665 1950 709 1997 in
729 1951 985 1999 Pandectis.

485 2028 730 2088 QUINTUS
759 2030 1007 2094 Septimius
1031 2029 1224 2079 Florens
1247 2029 1503 2080 Tertullia-

401 2122 513 2164 nus,
536 2125 678 2173 quem
704 2108 937 2157 diversum
963 2126 1055 2158 esse
1087 2111 1146 2157 ab
1182 2110 1386 2158 eiusdem
1418 2127 1501 2158 no-

400 2185 530 2235 minis
567 2186 802 2237 Ecclesiae
843 2189 1054 2240 Doctore
1097 2187 1212 2243 inira
1240 2188 1501 2250 laudando,
