1683 2604
434 122 510 187 78
681 113 735 191 5
759 119 827 170 X.
853 117 1056 170 Scmr.
1081 119 1295 171 PRAEsT.

552 229 555 233 ¹
768 242 984 291 Pmmus
1019 256 1194 290 MAIOR.

511 362 651 412 Anno
690 375 793 426 post
831 360 1077 412 Christum
1116 361 1328 411 vicesimo
1370 362 1531 428 primo,

431 441 513 508 qui
538 442 628 490 fuit
658 460 804 490 nonus
838 440 1011 490 Tiberii
1047 441 1357 505 Imperatoris,
1396 457 1531 493 natus

431 536 501 570 est
525 521 585 571 C.
614 521 789 570 Plinius
815 520 1057 571 Secundus
1077 519 1218 569 maior
1233 559 1245 580 ,
1271 520 1347 569 vel
1371 523 1530 583 senior,

429 601 574 666 patria
599 600 895 650 Veronensis.
934 599 1027 649 Hic
1049 599 1196 665 perire
1227 599 1531 650 arbitrabatur

428 694 611 745 tempus
640 719 653 739 ,
687 681 818 746 quod
861 679 1021 729 studiis
1064 697 1154 728 non
1196 680 1528 744 impertiretur:

430 760 558 808 unde
599 773 699 824 post
742 759 990 825 prandium
1023 758 1193 807 librum
1234 759 1450 826 legebat,
1484 773 1531 808 et

426 839 543 887 inter
567 839 851 898 cenandum,
873 853 920 888 et
943 839 988 886 in
1014 838 1202 898 balneo,
1234 852 1280 887 et
1301 838 1346 885 in
1371 838 1531 887 itinere

424 918 603 984 aliquid
626 919 702 967 vel
727 918 969 978 audiebat,
992 918 1069 966 vel
1089 917 1302 967 dictabat.
1326 917 1530 967 Coelebs

426 998 562 1057 vixit,
584 1011 640 1046 ut
663 998 916 1063 expeditior
939 997 1077 1046 literis
1101 1011 1298 1047 vacaret.
1335 997 1409 1046 Ex
1429 1015 1530 1046 om-

426 1077 560 1125 nibus
579 1077 674 1125 eius
693 1077 864 1143 scriptis
883 1090 1131 1141 supersunt
1149 1076 1250 1125 libri
1261 1077 1530 1127 XXXVII

426 1156 654 1205 Historiae
680 1156 912 1216 naturam,
930 1156 1060 1205 cuius
1080 1155 1209 1204 stilus
1222 1194 1233 1216 ,
1251 1169 1364 1205 teste
1381 1156 1528 1206 Wal-

426 1236 552 1295 chio,
577 1236 754 1284 medius
781 1250 870 1295 est,
903 1235 1031 1302 quod
1056 1249 1147 1284 tarn
1171 1235 1229 1284 ad
1253 1253 1399 1302 genus
1421 1235 1527 1283 scri-

428 1315 588 1374 bendi,
612 1333 754 1382 quam
776 1316 836 1365 ad
861 1315 1116 1365 castitatem
1137 1315 1329 1364 adtinet.
1352 1314 1526 1365 Prodiit

428 1396 627 1459 primum
651 1397 814 1444 Venet.
846 1394 948 1458 146
961 1411 1006 1459 9.

565 1531 862 1565 EDITIONES
902 1531 1388 1566 PRAESTANTIORES.

423 1636 478 1683 In
505 1632 574 1684 8.⁰
595 1654 707 1684 curn
733 1649 826 1687 not.
850 1653 942 1685 var.
966 1649 1012 1685 et
1035 1637 1193 1685 Ioann.
1230 1636 1358 1686 Frid.
1395 1637 1523 1686 Gro·

499 1733 604 1763 nov.
631 1717 788 1783 Lugd.
811 1717 1001 1765 Batav.
1034 1731 1052 1763 1
1068 1715 1195 1780 669.
1217 1716 1331 1765 Vol.
1357 1733 1403 1781 3.

418 1794 474 1842 In
500 1791 570 1856 4⁰
592 1795 639 1842 in
660 1813 797 1843 usum
820 1795 1002 1860 Delph.
1028 1814 1054 1843 a
1075 1796 1234 1843 Ioann.
1259 1795 1518 1856 Harduino,

498 1876 661 1923 Paris.
697 1874 858 1942 1685.
885 1874 1000 1924 Vol.
1029 1889 1072 1942 5.

415 1954 472 2002 In
496 1952 574 2001 fol.
609 1972 635 2001 a
672 1956 832 2002 Ioann.
861 1954 1135 2014 Harduin0‚
1160 1956 1325 2004 Paris.
1361 1970 1460 2020 172
1476 1973 1522 2020 3.

501 2032 616 2082 Vol.
645 2049 689 2097 3.

823 2116 1128 2165 Sumomus.

491 2191 628 2242 Circa
663 2192 844 2243 initium
883 2195 1060 2260 imperii
1081 2190 1351 2259 Vespasiani
1384 2207 1519 2243 natus
