1699 2620
466 111 691 163 SAzcum
717 110 772 160 P.
802 110 863 162 C.
887 113 982 163 IV.
1166 133 1188 165 1
1211 134 1228 166 1
1247 135 1274 184 3

168 193 516 264 descriptionem
557 210 669 241 orae
704 194 971 242 maritimae
1002 211 1028 242 a
1062 193 1281 247 Gadibus

167 291 322 340 usque
340 272 399 321 ad
419 271 695 332 Massiliam,
721 271 881 322 iambis
903 273 1214 341 elegantibus;
1231 291 1277 342 et

147 350 356 422 fabulas
384 353 646 423 Aesopicas
670 353 858 402 XLII.
883 354 1077 404 carmine
1104 355 1273 424 elegia·

164 451 233 481 co.
260 433 402 481 Teste
437 432 561 482 Olao
600 431 861 494 Borrichio,
897 435 1170 499 perspicuus
1210 449 1277 486 est

161 511 401 574 Avienus,
426 527 594 575 tersus,
617 527 665 563 et
688 530 804 563 aevo
829 531 915 563 suo
939 513 1155 564 floridior.

296 651 596 685 EDITIONES
636 651 1132 686 PRAESTANTIORES.

156 755 215 808 In
241 751 313 806 8.⁰
336 758 591 829 Metaphr.
614 756 773 818 Arati,
797 775 858 808 ex
890 756 1069 807 officina
1101 757 1147 809 S.
1169 757 1271 807 An⁴

157 836 350 896 dreana,
380 853 399 885 1
419 852 440 906 5
457 838 546 903 89.

156 919 501 988 ...Metaplm
520 920 823 986 Periegeseos
839 917 987 968 Dion.
999 917 1141 967 Alex.
1161 933 1271 966 cum

231 996 497 1064 fragmento
517 999 844 1067 descriptionis
868 1015 979 1047 orae
1003 1000 1271 1046 maritimae

231 1089 322 1126 etc.
341 1095 440 1126 cur.
461 1078 586 1127 Petr.
607 1077 830 1138 Pithoeo,
852 1077 967 1127 inter
985 1093 1130 1128 veter.
1149 1077 1266 1125 Poe-

232 1157 370 1206 matia
383 1196 395 1216 ,
415 1159 584 1208 Paris.
613 1174 631 1205 1
650 1172 671 1226 5
688 1174 715 1223 9
728 1177 776 1206 0.

152 1239 478 1298 -Fahulae,
494 1240 553 1287 ab
568 1239 715 1288 Henr.
728 1237 1094 1305 Cannegeterio,
1105 1238 1263 1288 Amsz‘.

239 1333 404 1383 1731.

150 1396 208 1450 In
231 1393 306 1460 4.⁰
325 1399 562 1468 Opuscula
587 1417 696 1447 omn.
723 1416 820 1447 cur.
842 1398 984 1447 Petro
1002 1398 1197 1456 Melian,
1223 1397 1268 1447 in

233 1491 465 1528 conventu
487 1478 684 1528 iuridico
701 1477 1042 1529 Guatimalensi
1063 1477 1265 1528 Audito-

229 1575 301 1619 re,
325 1559 544 1610 Madrit.
580 1576 599 1609 1
616 1559 644 1608 6
658 1576 744 1626 34,

516 1680 883 1730 CLAUDIANUS.

226 1802 463 1853 Claudius
503 1801 822 1864 Claudianu5‚
858 1801 1179 1854 Alexandriae
1218 1801 1264 1850 in

147 1882 374 1950 Aegypto
413 1897 571 1943 natus,
607 1885 665 1932 ab
690 1882 877 1933 ineunte
902 1897 1054 1933 aetate
1080 1881 1261 1947 optimis

144 1961 288 2011 literis
311 1981 499 2028 operam
527 1963 681 2023 dedit,
701 1978 749 2013 et
769 1964 870 2014 satis
895 1978 1075 2013 mature
1100 1961 1258 2010 carmi-

146 2040 284 2090 nibus
308 2043 536 2099 excellere
562 2044 727 2109 coepit.
754 2045 966 2094 Honorio
992 2043 1262 2108 imperante,

146 2120 348 2172 notarius
371 2122 417 2170 in
438 2123 546 2172 aula
563 2124 769 2174 Caesaris
794 2126 854 2173 ob
876 2122 1154 2191 elegantiam
1180 2121 1256 2168 sti-

145 2198 180 2249 li
234 2203 509 2256 constitutus
529 2242 544 2264 ‚
585 2222 656 2255 res
694 2219 842 2273 gestas
884 2218 1023 2274 atque
1063 2201 1258 2253 virtutes
