1683 2604
409 107 481 172 46
658 99 710 176 §.
735 102 802 155 X.
829 104 1029 156 seman
1053 103 1266 154 PRAEsT.

409 188 490 238 vit.
517 185 722 237 Iustinus
747 186 790 235 in
815 186 1045 250 epitomen
1069 185 1266 252 redegit.

487 267 680 315 Lucms
703 265 980 323 Fenestella,
996 264 1298 313 Historiarum
1315 263 1502 330 scriptor

410 361 459 395 et
498 345 748 393 carminum
776 383 787 403 ,
830 343 1041 410 Augusti
1083 357 1286 407 tempore
1325 342 1499 393 floruit.

410 427 526 475 Non
549 424 901 472 confundendus
918 441 1025 471 cum
1043 423 1098 471 L.
1118 422 1376 471 Fenestella
1388 461 1399 481 ,
1416 425 1501 472 sub

411 505 542 552 cuius
567 503 747 551 nomine
772 516 915 552 exstat
939 501 1124 550 libellus
1154 501 1212 550 de
1230 501 1504 568 Magistrati-

412 583 497 631 bus
520 582 880 647 Sacerdotiisque
900 583 1228 630 Romanorum.

492 661 734 720 Qumws
761 661 1000 719 Lutatius,
1040 660 1211 719 iunior,
1251 659 1332 726 qui
1355 672 1503 711 aetate

413 740 632 790 Varronis
654 758 920 789 communes
943 739 1164 788 Historias
1183 739 1469 812 conscripsit.

794 862 1113 912 V1TRUv1us.

491 981 564 1029 M.
583 981 858 1031 Vitruvium
876 982 1132 1030 Pollionem
1145 1019 1156 1040 ,
1173 980 1503 1041 Veronensem,

415 1056 752 1108 Mathematicis
771 1061 1064 1110 clarissimum
1089 1061 1145 1108 de
1169 1060 1407 1125 semetipso
1432 1060 1502 1108 lo-

413 1152 634 1201 quentem
680 1139 837 1188 audire
879 1140 1029 1188 iuvet:
1068 1139 1273 1199 „Omnia
1317 1157 1503 1188 munera

416 1234 452 1258 υ
468 1215 679 1265 fortunae
721 1237 829 1266 cum
868 1219 1035 1267 dantur
1062 1257 1072 1277 ‚
1107 1220 1162 1266 ab
1199 1236 1249 1267 ea
1285 1218 1502 1267 facillime

414 1315 448 1338 υ
465 1295 756 1346 adimuntur:
799 1297 1058 1362 disciplinae
1097 1315 1204 1346 vero
1235 1297 1503 1346 coniunctae

415 1392 450 1415 υ
470 1391 575 1421 cum
599 1375 775 1434 animis,
802 1376 933 1423 nullo
951 1391 1152 1440 tempore
1173 1376 1408 1436 deficiunt,
1424 1375 1503 1424 sed

413 1472 447 1495 υ
464 1468 728 1515 permanent
751 1455 970 1503 stabiliter
995 1455 1052 1503 ad
1076 1473 1309 1503 summum
1326 1455 1503 1503 exitum

415 1551 449 1574 υ
468 1531 600 1580 vitae.
641 1535 805 1600 Itaque
841 1553 927 1601 ego
965 1535 1177 1583 maximas
1215 1534 1503 1600 infinitasque

414 1628 451 1652 υ
468 1612 729 1672 parentibus
745 1631 832 1680 ago
846 1628 985 1680 atque
1006 1616 1154 1663 habeo
1172 1613 1334 1680 gratias
1346 1651 1357 1672 ‚
1374 1612 1505 1679 quod

413 1709 447 1732 υ
465 1691 818 1740 Atheniensium
843 1694 995 1759 legem
1018 1695 1280 1758 probantes,
1302 1710 1374 1741 me
1409 1707 1504 1742 arte

412 1787 447 1811 υ
465 1770 769 1818 erudiendum
795 1788 1035 1832 curarunt,
1073 1786 1120 1820 et
1152 1790 1227 1830 ea,
1261 1789 1380 1837 quae
1416 1789 1503 1820 non

413 1865 449 1888 υ
467 1862 614 1910 potest
654 1869 746 1899 esse
784 1853 971 1915 probata
999 1852 1090 1900 sine
1119 1852 1352 1899 literatura
1376 1852 1501 1898 etc.”

412 1923 564 1990 Igitur
596 1943 698 1991 post
737 1930 921 1993 adeptas
953 1930 1052 1978 illas
1085 1929 1356 1993 disciplinas,
1388 1946 1502 1995 quas

410 2001 504 2065 ipse
529 2004 574 2052 in
597 2008 864 2056 Architecto
888 2009 1098 2075 requirit,
1118 2009 1301 2075 Octavii
1325 2010 1502 2074 Augu-

408 2082 463 2128 sti
486 2085 791 2136 munificentia
810 2088 1030 2137 excitatus
1043 2127 1053 2146 ‚
1071 2107 1253 2136 omnem
1269 2087 1502 2136 aedifican-

407 2160 454 2210 di
496 2164 716 2214 rationem
761 2165 884 2215 libris
917 2168 983 2216 X.
1009 2167 1302 2236 consignavit.
1341 2165 1503 2216 Dictio
