1731 2588
490 125 557 189 38
724 119 778 194 5.
802 125 868 175 X.
895 125 1094 174 SCRIPT.
1118 126 1330 174 PRAEsT.

483 203 542 251 de
567 201 665 251 iure
689 202 873 266 publice
901 204 1143 267 respondit.
1184 200 1367 267 Scripsit
1400 202 1562 262 multa,

483 298 678 346 quorum
699 280 949 348 fragmenta
973 296 1144 330 exstant
1163 282 1207 330 in
1221 283 1406 348 Digest.

561 361 781 409 Pnnmus
807 359 1005 409 Alfenus
1028 362 1206 420 Varus,
1230 361 1312 427 qui
1331 377 1389 408 ex
1411 371 1563 408 sutore

483 436 611 487 Ictus
645 451 690 486 et
714 438 893 488 Consul
930 439 1166 489 Romanus
1200 438 1346 487 factus
1381 437 1470 486 fuit
1504 438 1563 485 ob

484 514 592 565 iuris
628 516 853 566 scientiam
877 532 923 567 et
959 517 1152 584 insignes
1176 517 1380 575 virtutes,
1399 517 1566 582 quibus

484 594 708 644 inclaruit.
751 595 934 662 Scripsit
961 596 1096 644 libros
1114 597 1224 646 XL.
1245 596 1565 662 Digestorum,

485 690 542 722 ex
565 673 732 741 quibus
756 675 990 725 desumtae
1015 690 1120 723 sunt
1140 675 1265 743 leges
1287 673 1526 740 plurimae.

858 795 1185 845 SALLuans.

559 914 807 974 Amiterni,
831 914 1101 964 Sabinorum
1133 912 1328 978 oppido,
1351 927 1410 960 ex
1429 911 1569 961 nobili

484 994 806 1044 Sallustiorum
827 993 994 1041 familia
1017 1005 1149 1039 natus
1165 1005 1230 1039 est
1251 991 1312 1041 C.
1329 989 1568 1040 Sallustius

485 1071 677 1136 Crispus
697 1090 797 1121 ann.
815 1073 882 1121 V.
899 1071 959 1120 C.
984 1086 1246 1120 DCLXVHL
1265 1070 1439 1119 Romae
1457 1069 1570 1133 opti-

486 1149 567 1199 mis
587 1149 742 1199 studiis
766 1149 971 1199 sedulam
990 1166 1174 1213 operam
1201 1147 1342 1197 dedit.
1379 1148 1450 1197 M.
1471 1148 1567 1196 Ca-

484 1243 641 1277 tonem
665 1246 722 1278 ex
746 1229 917 1278 Latinis
938 1228 1138 1276 imitatus
1172 1242 1260 1280 est;
1294 1243 1353 1275 ex
1383 1225 1570 1276 Graecis

486 1325 594 1356 vero
618 1307 967 1375 Thucydidem,
989 1324 1130 1372 quem
1160 1304 1384 1355 brevitate
1417 1303 1571 1352 vicisse

486 1385 664 1434 dicitur.
706 1386 779 1434 Ex
797 1385 891 1435 eius
915 1384 1081 1449 scriptis
1109 1384 1187 1433 vix
1220 1383 1476 1450 quidquam
1511 1382 1571 1430 ad

488 1482 566 1512 nos
603 1463 776 1531 integre
813 1463 1016 1528 pervenit
1056 1476 1232 1528 praeter
1275 1461 1451 1510 bellum
1486 1460 1569 1508 Iu-

487 1542 728 1609 gurtinum
752 1557 796 1591 et
819 1542 1151 1592 Catilinarium.
1185 1540 1345 1590 Dictio
1369 1537 1572 1590 Sallustii

487 1639 515 1668 a
532 1621 760 1687 plerisque
785 1621 1002 1671 laudatur
1025 1636 1244 1687 tanquam
1263 1631 1380 1666 casta
1404 1630 1449 1666 et
1473 1635 1573 1681 pro-

488 1700 603 1764 pria,
628 1701 864 1765 perspicua
885 1714 931 1749 et
954 1699 1179 1757 ordinata,
1214 1711 1259 1745 et
1283 1696 1441 1762 insigni
1465 1712 1572 1744 cura

487 1778 726 1843 perpolita.
738 1779 911 1828 Prodiit
926 1778 1126 1843 primum
1141 1778 1301 1826 Venet.
1322 1790 1340 1822 1
1355 1790 1424 1839 47
1434 1792 1463 1822 0
1473 1812 1481 1821 .
1491 1772 1572 1823 fol.

623 1915 919 1947 ,EDITIONES
959 1910 1447 1946 PRAESTANTIORES.

490 2016 545 2066 In
572 2014 638 2064 8.⁰
662 2034 767 2064 cum
791 2017 905 2065 notis
939 2016 1063 2064 Petri
1084 2014 1325 2066 Chiaconii
1358 2011 1574 2062 Toletani

565 2108 613 2144 et
640 2095 764 2143 alior.
786 2114 810 2143 a
834 2098 992 2144 Ioann.
1026 2095 1154 2146 Frid.
1173 2096 1381 2148 Gronov.
1417 2093 1573 2143 Amst.

575 2174 735 2225 1686.
758 2188 802 2224 et
829 2175 991 2240 1690.
