1683 2604
411 155 484 206 70
655 133 708 209 5
732 139 799 189 X.
823 141 1023 191 SCRIPT.
1047 141 1259 191 PRAEsr.

407 231 474 268 est
506 230 752 284 postquam
789 219 1034 285 adoptatus
1057 220 1146 269 fuit
1168 239 1192 269 a
1217 219 1354 270 Iunio
1377 220 1497 270 Gal-

407 297 542 347 lione.
590 297 685 346 Hic
725 299 891 347 Orator
932 299 1021 347 fuit
1043 299 1218 349 facetus
1256 314 1303 349 et
1341 300 1499 358 comis,

410 375 769 444 suavissimisque
801 377 1025 432 moribus3
1051 379 1129 428 sed
1166 378 1271 429 forti
1308 396 1498 446 magno-

407 473 501 523 que
522 455 686 505 animo.
708 455 819 506 Alii.

728 577 945 628 Pmmus
986 578 1190 628 Iumon.

487 694 627 744 Anno
648 709 749 760 post
773 696 1010 746 Christum
1043 716 1197 747 LXIII.
1224 698 1424 748 nascitur
1459 698 1505 746 in

410 774 526 822 urbe
562 776 906 824 Novocomensi
940 777 1099 826 Italiae
1121 779 1505 843 Transpadannae

414 852 560 900 Caius
586 853 759 903 Plinius
782 855 1016 904 Caecilius
1041 857 1281 906 Secundus
1300 894 1314 914 ,
1336 856 1417 922 qui
1438 855 1506 904 vi-

416 932 556 980 vendi
589 947 731 999 atque
772 934 950 983 dicendi
989 950 1305 1000 praeceptores
1345 934 1509 984 habuit

417 1011 624 1059 Niceten
665 1013 944 1076 Sophistam,
978 1016 1266 1078 Euphratem
1302 1014 1507 1064 Philoso-

419 1091 592 1153 phum,
618 1103 664 1138 et
687 1091 888 1140 Fabium
927 1093 1288 1152 Quintilianum.
1326 1095 1509 1143 Demo-

421 1169 628 1216 sthenem
653 1184 700 1218 et
724 1169 996 1220 Ciceronem
1021 1172 1264 1239 diligenter
1288 1171 1511 1237 exprime-

422 1264 469 1295 re
488 1247 688 1307 curavit,
706 1249 972 1298 Orationem
991 1252 1220 1300 Graecam
1240 1252 1284 1299 in
1302 1250 1515 1302 Latinam

424 1326 757 1387 transferendo,
781 1342 827 1376 et
849 1329 1039 1378 vicissim
1061 1331 1272 1379 Latinam
1296 1331 1340 1379 in
1363 1331 1514 1380 Grae-

426 1422 538 1453 cam.
564 1407 699 1454 Anno
724 1406 877 1455 aetatis
902 1408 1112 1457 vicesimo
1135 1428 1287 1458 causas
1310 1409 1404 1476 egit
1419 1426 1517 1475 gra-

424 1483 620 1532 vissimas
643 1486 772 1549 apud
794 1501 977 1535 centum
1003 1488 1139 1548 viros,
1180 1504 1225 1537 et
1256 1489 1301 1536 in
1324 1490 1514 1539 Senatu.

426 1562 556 1612 Cum
585 1564 848 1614 Provinciae
873 1566 1009 1615 Ponti
1041 1567 1264 1616 consulari
1293 1579 1517 1632 potestate

426 1657 674 1707 praeesset,
712 1643 1013 1712 interrogatus
1045 1665 1070 1695 a
1102 1647 1300 1696 Traiano
1322 1645 1436 1713 quid
1460 1645 1519 1694 de

429 1721 796 1771 Christianorum
835 1723 929 1773 vita
968 1741 1259 1790 perspectum
1299 1728 1518 1777 haberet3

429 1801 684 1865 respondit:
726 1804 880 1862 „hanc
909 1803 1045 1853 fuisse
1073 1823 1299 1853 summam
1321 1803 1398 1854 vel
1419 1802 1518 1852 cul-

431 1898 567 1944 „pae
599 1899 705 1930 suae
732 1882 809 1931 vel
849 1884 1026 1943 erroris,
1060 1884 1188 1950 quod
1227 1897 1373 1933 essent
1405 1881 1524 1931 soliti

435 1979 468 2003 υ
487 1973 601 2007 stato
627 1960 700 2008 die
724 1975 828 2009 ante
852 1961 1006 2011 lucem
1031 1963 1295 2023 convenire,
1320 1978 1523 2011 carmen-

433 2058 467 2082 „
484 2056 578 2104 que
601 2038 789 2088 Christo
818 2041 947 2106 quasi
972 2043 1082 2091 Deo
1106 2042 1253 2092 dicere
1275 2059 1433 2091 secum
1458 2040 1525 2087 in-

435 2137 470 2162 υ
487 2117 656 2176 vicem,
696 2137 835 2185 seque
878 2136 1152 2171 sacramento
1187 2140 1276 2170 non
1304 2121 1349 2169 in
1382 2119 1528 2170 scelus

435 2217 470 2243 υ
487 2196 678 2264 aliquod
700 2198 970 2268 astringere,
1003 2202 1082 2250 sed.
1117 2220 1175 2252 ne
1198 2201 1348 2261 furta,
1379 2218 1436 2248 ne
1461 2197 1527 2245 la-
