1699 2620
435 410 565 459 guae
587 398 848 471 Scriptores
854 448 1131 471 .........

241 463 311 515 Π.
354 470 439 518 De
449 473 766 532 Romanarum
784 488 1031 545 literarum
1049 505 1133 551 ori-

429 555 565 619 gine,
585 561 800 631 figura,
841 589 1019 625 numero
1038 616 1054 635 ,
1080 594 1127 630 et

419 643 806 700 pronuntiatione
862 654 1124 726 Scriptores

433 715 611 781 aliquot
616 758 1120 792 ...............
1277 770 1345 808 lv

229 785 324 836 ΠΙ.
368 791 453 840 De
516 797 878 877 Ortlzograplzia
932 818 1120 873 Latina

425 873 686 944 Scriptores
709 889 900 955 aliquot.
929 934 938 943 .
967 935 976 946 .
1006 938 1015 947 .
1041 940 1049 949 .
1071 942 1079 950 .
1101 943 1110 952 .
1251 930 1339 966 v11

220 944 318 996 IV.
361 949 658 1020 Lexicorum,
684 966 732 1013 E
735 973 1109 1041 tymologicorum,

419 1042 466 1079 et
484 1035 777 1110 Glossarior.
797 1051 1071 1123 Scriptores.
1093 1103 1103 1113 .
1268 1092 1331 1126 lx

215 1103 284 1154 V.
328 1108 655 1169 Grammatici
683 1125 860 1180 Latini
860 1172 1099 1192 .......
1247 1169 1328 1206 xv

211 1181 308 1233 VI.
351 1188 638 1262 Scriptores,
662 1208 815 1270 quide
837 1231 1102 1286 comparan-

408 1272 475 1320 da
491 1276 702 1332 Latinae
718 1288 937 1356 Linguae
958 1306 1101 1367 cogni-

404 1353 524 1402 tione
544 1363 734 1413 consilia
757 1368 997 1425 dederunt.
1018 1419 1026 1427 .
1052 1421 1061 1429 .
1082 1422 1091 1431 .
1211 1407 1318 1447 XXI

202 1420 326 1473 VH.
369 1428 454 1478 De
479 1435 737 1493 imitatione
762 1459 808 1496 et
833 1456 942 1504 stilo
964 1460 1090 1512 Scri·

386 1522 555 1578 ptores
591 1522 770 1589 aliquot
775 1567 1082 1592 .........
1155 1565 1307 1606 XXIII

196 1580 346 1634 VIII.
393 1591 655 1663 Scriptores
679 1608 1002 1677 Antiquarii:

363 1682 407 1716 1.
435 1674 517 1721 De
540 1679 616 1728 Re
638 1684 930 1754 Lapidaria.
956 1736 964 1746 .
990 1739 998 1748 .
1028 1740 1037 1751 .
1065 1743 1075 1758 .
1179 1728 1302 1766 xxv·

358 1762 405 1795 2.
433 1753 515 1802 De
540 1759 614 1807 Re
638 1763 887 1823 Numaria
892 1814 1074 1834 ......
1177 1808 1296 1845 XXX

354 1842 401 1891 3.
430 1833 727 1903 Antiquitat.
756 1850 1071 1913 Romanarum

423 1911 701 1983 Compendia
733 1940 780 1975 et
802 1931 848 1980 T
846 1935 1031 1991 lzesaur.
1055 1982 1067 1993 .
1148 1967 1292 2007 XXXI

340 2001 392 2047 4.
415 1993 714 2061 Antiquitat.
742 2009 1065 2073 Christianar.

416 2070 677 2142 Scriptores
700 2089 878 2154 aliquot
883 2132 1059 2153 ......
1092 2125 1280 2165 XXXIII

173 2134 269 2189 IX.
311 2142 356 2192 C
353 2147 506 2208 ritici,
547 2162 630 2224 qui

659 2170 990 2227 emendationes
1013 2194 1060 2233 et
