1699 2620
432 104 657 155 SAEcun
685 102 738 152 P.
765 100 827 153 C.
847 101 943 156 IV.
1134 121 1152 155 1
1171 123 1194 156 2
1214 123 1235 159 1

132 188 264 240 storia
302 185 500 237 naturali
533 183 694 244 Plinii,
730 183 948 234 libellum
983 189 1245 251 composuit

130 270 192 320 de
218 263 592 318 memorabilibus
625 264 814 325 mundi,
841 280 888 315 et
926 268 1248 332 superbissimo

133 349 275 400 titulo
298 346 641 416 Polyhistorem
666 345 936 411 appellavit.
977 349 1062 397 De
1091 349 1249 400 Solino

130 429 195 483 ita
219 427 393 478 iudicat
417 426 697 479 Walchius:
725 426 856 475 stilus
881 442 948 476 est
970 428 1246 480 incultus...

132 509 285 576 ipsum
309 527 427 575 opus
459 526 552 557 non
591 506 866 573 splendescit
902 508 1028 557 lima.
1073 510 1251 560 Prodiit

131 590 338 659 primum
376 591 554 656 absque
596 587 699 638 ulla
743 602 852 638 nota
896 586 969 653 4.⁰
1005 604 1053 640 et
1086 592 1250 642 Venet.

143 668 410 738 1473.fol.

293 817 577 851 EDITIONEs
619 817 1092 853 PRAESTANTIORES.

134 915 194 968 In
217 909 290 966 8.⁰
313 916 371 964 ab
391 915 541 964 Andr.
566 916 816 984 Reyher0‚
859 918 1051 967 Gotlzae
1086 933 1105 965 1
1122 917 1190 967 66
1206 934 1250 987 5.

134 998 194 1047 In
209 994 292 1044 fol.
311 1013 422 1043 cum
439 994 797 1045 exercitationib.
818 996 1034 1045 Plinianis
1055 1016 1081 1045 a
1098 997 1252 1047 Clau-

213 1073 293 1125 dio
318 1074 560 1136 Salmasio,
582 1076 720 1126 Trai,
752 1092 771 1124 1
788 1075 916 1142 689.
943 1076 1064 1129 Vol.
1086 1093 1132 1125 2.

543 1194 839 1249 Vror-mss.

215 1318 411 1371 Flavius
448 1318 685 1387 Vegetius
723 1321 962 1381 Renatus,
998 1321 1255 1386 Romanus,

135 1398 299 1450 floruit
322 1400 608 1466 temporibus
634 1400 956 1450 Valentiniani
977 1403 1044 1451 Π.
1068 1403 1256 1469 Scripsit

135 1482 195 1531 de
218 1500 270 1532 re
294 1482 504 1532 militari
523 1482 666 1535 libros
691 1482 755 1531 V
795 1482 897 1530 stilo
929 1482 1032 1532 satis
1053 1483 1255 1551 vulgari,

137 1561 289 1629 inquit
309 1561 588 1622 Borrichius,
606 1576 653 1610 et
673 1562 825 1612 minus
850 1563 1015 1612 electo,
1038 1564 1258 1615 Christia-

137 1660 254 1691 num
273 1642 436 1703 fuisse,
470 1642 577 1691 inde
601 1656 754 1707 patet,
794 1643 925 1710 quod
964 1643 1044 1691 lib.
1075 1661 1120 1691 2.
1142 1663 1180 1693 c.
1209 1660 1253 1714 5.

138 1722 364 1772 militibus
391 1722 501 1771 dicit
539 1740 621 1788 per
661 1724 830 1773 Deum
863 1738 909 1773 et
939 1723 1183 1773 Christum
1209 1742 1257 1775 et

140 1803 223 1868 Sp.
245 1803 470 1854 Sanctum
494 1821 588 1853 esse
613 1803 876 1853 iurandum.
917 1808 1035 1855 Non
1059 1806 1254 1855 confun-

142 1883 325 1935 dendus
346 1903 456 1936 cum
478 1884 652 1934 Publio
678 1885 913 1952 Vegetio,
954 1886 1037 1952 qui
1063 1886 1121 1936 de
1160 1903 1258 1938 arte

143 1964 434 2015 Veterinaria
470 1965 656 2032 scripsit.
701 1966 879 2015 Prodiit
913 1966 1116 2032 primum
1153 1969 1255 2017 abs·

145 2061 238 2110 que
259 2045 350 2093 loci
374 2061 422 2095 et
446 2046 552 2102 anni
591 2060 698 2098 nota
724 2046 806 2097 fol.
835 2067 846 2098 ;
883 2047 1053 2099 deinde
1077 2050 1257 2100 Romae

156 2122 415 2192 1478.4P
