1699 2620
458 103 680 153 SAEcum
706 101 767 150 A.
793 98 854 150 C.
876 100 917 151 Ι.
1190 122 1259 177 45

163 184 334 255 quibus
372 200 438 233 res
477 182 618 249 magis
658 181 855 230 illustres
881 183 1046 248 populi
1066 186 1265 236 Romani

161 263 504 333 diligentissime
527 262 714 312 notavit.
758 261 903 312 Attici
927 264 1089 330 scripta
1116 266 1265 331 perie-

162 359 273 397 runt
296 341 460 393 omnia.

241 424 299 473 L.
316 424 511 473 AELIUS
536 422 755 483 Tubero,
780 441 921 490 quem
942 423 1142 493 Dionys.
1164 427 1266 475 Ha·

163 503 317 553 licarn.
344 521 533 570 gravem
554 518 711 563 vocat,
738 517 784 552 et
808 502 1079 570 diligentem
1104 504 1149 555 in
1172 506 1266 554 col-

164 583 360 652 ligendis
384 585 519 632 rebus
536 584 764 633 Historiae
788 582 1024 632 mandatis.

242 664 300 713 L.
317 663 594 723 LUCCEan,
616 664 683 724 Q.
705 663 840 722 filius,
863 662 964 712 artis
986 663 1166 714 dicendi
1182 683 1266 730 pe-

162 742 418 801 ritissimus,
444 742 528 808 qui
553 743 666 791 belli
702 742 896 802 socialis,
935 744 1063 809 quod
1101 745 1267 793 Marsi-

165 839 276 871 cum
294 821 556 888 appellatur
580 836 626 871 et
641 822 882 882 Italicum,
900 823 1150 871 Historiam
1168 842 1268 873 con-

160 901 347 967 scripsit.

242 983 315 1030 M.
330 983 560 1031 TULLIUS
581 981 692 1030 Tiro
706 1021 716 1041 ,
736 980 996 1042 Ciceronis,
1028 982 1157 1031 cuius
1175 996 1270 1033 erat

162 1061 358 1111 libertus
392 1060 533 1110 vitam
549 1099 561 1121 ,
600 1076 646 1110 et
683 1061 856 1110 librum
894 1062 1173 1130 singularem
1210 1065 1270 1112 de

162 1141 287 1191 illius
310 1141 415 1190 iocis
441 1141 626 1206 scripsit.
643 1143 796 1191 Notas
818 1142 953 1190 etiam
973 1143 1193 1209 quasdam
1210 1143 1270 1191 ad

162 1221 403 1289 signandas
437 1239 569 1271 voces
609 1222 832 1271 methodo
870 1222 1059 1271 faciliori
1082 1222 1270 1271 reduxit

164 1302 224 1351 ad
245 1319 384 1350 usum
404 1301 617 1367 Linguae
637 1302 855 1353 Latinae3
877 1302 1045 1367 quibus
1063 1301 1169 1349 alias
1187 1302 1268 1350 ad·

165 1382 385 1430 diderunt
422 1381 609 1429 Tertius
649 1380 941 1440 Persannius‚
983 1381 1268 1447 Philargius,

163 1460 367 1528 Aquila,
391 1474 437 1509 et
460 1460 559 1520 alii,
580 1474 636 1509 ut
657 1474 723 1509 est
747 1461 875 1526 apud
896 1461 1150 1512 Sertorium
1176 1462 1268 1511 Ur-

164 1555 331 1592 satum.
354 1559 399 1590 v.
423 1535 475 1610 §.
495 1541 559 1589 Π.

246 1621 304 1670 L.
317 1621 640 1676 ARRUNTms,
659 1634 837 1669 senator
852 1621 1110 1676 Romanus,
1129 1639 1271 1686 quem

166 1700 370 1766 Imperio
395 1698 594 1766 dignum
618 1701 869 1766 Augustus
886 1700 1073 1765 publice
1097 1699 1271 1748 iudica-

166 1781 250 1831 vit.
275 1780 369 1829 Hic
387 1779 666 1830 Sallustiano
702 1779 804 1829 stilo
825 1780 1076 1830 Historiam
1096 1779 1271 1845 scripsit

165 1861 227 1910 de
252 1859 375 1908 bello
399 1860 592 1909 Punico.

248 1941 461 1990 TRoGUS
481 1940 752 2006 Pompeius,
773 1940 853 2007 qui
873 1940 1013 1990 totius
1032 1939 1171 1999 orbis,
1193 1938 1271 1989 sed

169 2020 398 2071 Graeciae
416 2021 676 2085 praesertim
694 2021 914 2071 Historias
931 2020 1099 2070 Latino
1116 2038 1275 2069 sermo-

171 2119 231 2150 ne
271 2100 530 2165 conscripsit
564 2102 758 2151 XLIV.
793 2101 1128 2159 voluminibus,
1169 2114 1215 2147 et
1250 2116 1276 2146 a

170 2181 422 2248 praecipuo
438 2194 722 2255 ⁴argumento
747 2182 1043 2251 Philippicas
1069 2178 1275 2245 appella-

944 2277 975 2310 F
1008 2275 1034 2307 2
