1731 2588
498 143 567 177 22
739 122 793 196 5.
819 126 885 176 Χ.
910 127 1108 178 Serum.
1134 126 1346 176 PRAEST.

923 246 1174 296 Ovmms.

576 364 775 413 Publius
800 364 997 414 Ovidius
1018 366 1174 420 Naso,
1201 363 1423 414 Sulmone
1441 362 1486 412 in
1504 362 1587 412 Pe-

496 443 629 509 lignis
655 462 712 491 ex
737 444 936 509 equestri
960 444 1112 491 ordine
1137 456 1263 491 ortus
1290 457 1356 491 est
1374 461 1491 491 anno
1517 444 1586 493 V.

500 522 561 572 C.
584 539 758 571 Dccx1.
784 521 946 571 Primis
969 522 1205 571 literarum
1228 521 1494 571 rudimentis
1515 521 1589 570 do·

500 601 560 648 mi
578 601 803 658 eruditus,
822 603 1017 649 Romam
1038 604 1196 649 missus
1213 615 1292 661 est,
1309 615 1366 649 ut
1380 601 1589 667 frequen-

501 693 615 728 taret
640 679 836 738 scholas,
879 680 1042 728 deinde
1079 682 1295 729 Athenas.
1336 681 1471 729 Patre
1500 680 1592 729 vita

499 757 686 816 functo,
711 758 840 806 Po‘esi
867 777 910 807 se
948 773 1101 807 totum
1125 759 1273 819 dedit,
1308 759 1366 807 ad
1390 776 1532 824 quam
1566 776 1594 806 a

504 837 664 885 teneris
689 837 810 885 annis
832 837 963 904 quasi
1002 853 1191 887 naturae
1224 838 1439 886 instinctu
1472 855 1591 903 quo-

503 915 609 964 dam
635 915 881 964 ferebatur.
922 917 1145 984 Augusto
1164 935 1244 981 per
1269 916 1426 981 plures
1457 933 1595 963 annos

506 1012 635 1042 carus
657 1009 966 1060 acceptusque
990 995 1105 1043 fuit:
1131 998 1187 1043 ab
1222 994 1305 1042 illo
1341 994 1526 1042 tandem
1549 993 1595 1041 in

504 1073 660 1140 Scytas
682 1073 912 1139 relegatus
925 1093 937 1127 3
960 1087 1169 1121 mortuus
1192 1087 1259 1121 est
1295 1073 1337 1120 in
1368 1072 1502 1120 exilio
1523 1090 1596 1120 an-

505 1170 619 1199 num
643 1169 780 1218 agens
805 1152 1159 1218 sexagesimum,
1197 1166 1242 1199 et
1275 1150 1406 1199 iuxta
1425 1151 1598 1198 Tomos

507 1230 733 1294 sepultus.
758 1230 958 1279 Ovidius
983 1249 1069 1278 non
1092 1231 1229 1278 modo
1249 1230 1440 1278 LatInus
1465 1228 1598 1276 audit

508 1309 751 1357 sanioribus
771 1308 928 1357 criticis
941 1347 951 1366 ‚
972 1309 1050 1356 sed
1070 1308 1162 1372 ipsa
1182 1308 1415 1357 Latinitas.
1435 1308 1492 1356 In
1515 1325 1596 1374 ge-

503 1387 578 1435 nio
615 1400 773 1434 autem
815 1386 1015 1434 carminis
1069 1386 1258 1452 elegiaci
1303 1385 1598 1450 exprimendo

504 1466 619 1514 adeo
644 1464 755 1512 felix
780 1479 868 1523 est,
894 1465 1042 1530 inquit
1061 1464 1345 1524 Morhofius,
1383 1478 1439 1512 ut
1463 1482 1599 1512 nemo

506 1543 769 1593 mortalium
790 1543 927 1591 illum
956 1556 1152 1607 superet.
1186 1543 1328 1602 Quae
1359 1556 1601 1606 supersunt

510 1625 665 1687 Opera
689 1661 700 1681 ,
735 1622 880 1687 primo
910 1622 1030 1671 edita
1053 1635 1158 1671 sunt
1178 1623 1307 1671 Rom.
1337 1636 1495 1686 1471.
1520 1619 1599 1669 fol.

512 1701 626 1751 Vol.
659 1718 702 1748 2.

645 1838 940 1871 EDITIONES
980 1837 1465 1870 PRAESTANTIORES.

511 1941 568 1990 In
599 1936 667 1988 8.⁰
690 1959 797 1988 cum
817 1955 908 1989 not.
928 1959 1021 1990 var.
1046 1941 1201 2008 Lugd.
1219 1941 1408 1989 Batav.
1440 1956 1458 1987 1
1474 1937 1542 1987 66
1558 1952 1601 1986 1.

597 2018 1546 2083 1662.1670.1683.1702.V01.3.

510 2115 623 2146 -a
649 2099 804 2145 Ioann.
832 2100 961 2164 Aug.
999 2100 1192 2146 Ernesto
1227 2110 1272 2145 et
1291 2098 1449 2144 Ioann.
1471 2094 1601 2146 Frid.

589 2175 817 2225 Fischero.
840 2177 971 2246 szs.
1001 2193 1018 2226 1
1033 2191 1098 2245 75
1114 2177 1160 2225 8.
1182 2174 1296 2226 Vol.
1319 2191 1366 2238 4.
