1699 2620
472 84 696 135 SAEcum
721 81 774 129 P.
804 82 864 132 C.
889 84 928 132 Ι.
1189 105 1257 154 73

153 170 282 219 vilis.
308 165 453 217 Cassii
476 176 802 222 monumenta,
829 182 885 212 ex
909 164 1079 232 quibus
1103 165 1181 216 alii
1196 168 1264 218 iu·

154 248 211 299 ris
230 251 483 297 hauserunt
506 242 827 310 prudentiam,
850 245 1104 310 perierunt.

234 328 464 378 Connus
505 323 725 384 Sabinus,
757 322 825 373 vir
855 343 948 374 non
985 327 1128 377 modo
1167 347 1264 378 ma-

157 426 276 477 gnae
301 404 593 464 eruditionis,
619 422 786 454 verum
812 419 859 455 et
884 425 1092 458 summae
1111 424 1266 458 aucto·

156 487 322 548 ritatiS,
358 486 529 535 librum
557 485 729 551 scripsit
763 485 819 533 de
856 487 1002 536 edicto
1026 490 1269 539 Aedilium

158 569 406 628 curulium,
431 585 488 616 ex
512 584 609 633 quo
635 565 812 614 multae
839 568 1085 618 sententiae
1116 569 1162 617 in
1196 588 1268 619 re-

158 652 250 699 bus
274 647 516 699 venalibus
539 646 858 696 obtinuerunt.
901 648 1088 699 Citatur
1110 650 1156 698 in
1175 650 1268 700 Di-

162 744 280 799 gest.

238 811 499 869 PEGAsus‚
524 807 607 875 qui
631 809 828 858 obscuro
851 810 954 860 loco
980 825 1137 871 natm,
1164 830 1270 878 pro-

159 890 258 958 pria
283 891 458 940 virtute
484 907 686 939 summos
722 892 916 940 honores
958 891 1155 957 adeptus
1190 906 1272 952 est,

158 971 318 1021 floruit
357 973 442 1018 sub
482 969 786 1034 Vespasiano.
837 972 919 1020 De
959 971 1131 1038 scriptis
1175 972 1272 1021 eius

158 1050 274 1100 nihil
297 1049 408 1100 certi
438 1064 637 1099 constat:
679 1048 816 1098 nulla
852 1051 975 1100 enim
1015 1050 1273 1120 fragmenta

159 1132 219 1181 ad
242 1150 322 1181 nos
347 1145 675 1197 pervenerunt.

241 1213 459 1262 Pmscus
485 1211 759 1269 Iavolenus,
797 1210 883 1276 qui
908 1212 1080 1262 Coelio
1103 1213 1274 1264 Sabino

161 1294 208 1342 in
229 1292 338 1342 iuris
362 1290 600 1357 disciplina
625 1290 863 1351 successit,
906 1292 1080 1358 scripsit
1103 1294 1276 1343 Libros

164 1393 219 1423 ex
235 1376 402 1424 Cassio
435 1375 498 1423 X
500 1372 914 1442 V-Epistolar,
936 1374 1077 1422 libros
1109 1374 1273 1424 XIV.

160 1456 333 1505 -Ex
359 1453 705 1525 posterioribus
741 1452 975 1502 Labeonis
1016 1455 1282 1504 X—Ad

163 1537 410 1586 Plautium
434 1535 497 1586 V'.
523 1535 719 1583 Exstant
742 1531 1002 1602 fragmenta
1026 1533 1071 1583 in
1086 1535 1277 1601 Digest.

545 1655 901 1705 Firmemus.

246 1781 389 1828 Anno
410 1776 587 1827 Christi
604 1775 777 1826 circiter
800 1775 1058 1845 trigesimo,
1082 1777 1280 1838 Romae,

168 1873 225 1908 ut
250 1859 477 1919 creditur,
502 1871 637 1906 natus
661 1869 727 1906 est
749 1857 971 1907 Velleius
988 1858 1279 1907 Paterculus.

169 1939 264 1989 Hic
288 1939 541 1988 succintam
562 1937 708 1987 edidit
741 1937 991 1987 Historiam
1019 1940 1283 1988 Romanam

171 2019 294 2068 libris
316 2019 522 2079 duobUS,
560 2018 643 2085 qui
676 2017 832 2068 mutili
863 2019 923 2068 ad
947 2037 1028 2068 nos
1054 2037 1282 2085 pervene-

172 2114 305 2148 runt:
333 2100 502 2148 desunt
524 2098 647 2148 enim
670 2098 808 2164 primi
832 2099 1136 2165 principium,
1154 2114 1200 2147 et
1221 2116 1284 2146 se·

174 2180 318 2228 cundi
338 2179 460 2238 finis,·
484 2196 663 2228 necnon
686 2181 920 2245 quaedam
944 2179 1092 2245 operis
1128 2177 1283 2227 medii.
