1699 2620
457 135 678 186 SAECULI
705 133 766 183 A.
789 131 849 183 C.
874 132 940 183 ΙΙ.
1224 145 1244 200 5

366 325 370 328 θ
437 255 636 305 SEXTUS
663 257 968 304 TURmes.

235 376 415 426 Eodem
439 391 644 440 tempore
685 375 843 423 floruit
880 376 1050 424 Sextus
1075 372 1252 437 Turpi-

155 455 268 514 lius,
286 456 416 504 cuius
442 455 724 504 Comoediae
746 472 914 522 magno
938 454 1064 518 apud
1085 455 1254 502 Roma-

155 552 234 584 nos
261 535 453 584 fuerunt
477 535 522 582 in
546 535 718 599 preti0,
740 549 786 583 et
811 552 1140 599 nonnunquam
1173 533 1251 581 eis-

157 614 264 663 dem
288 615 333 662 in
355 614 476 662 ludis
499 630 625 663 actae
652 633 757 663 cum
785 613 1078 662 Terentianis.
1107 613 1254 678 Frag-

156 710 311 743 menta
330 712 453 760 quae
479 710 742 758 supersunt,
764 693 992 759 leguntur
1022 693 1068 741 in
1092 691 1255 742 Colle-

161 773 388 824 ctionibus
414 774 594 823 Poetar.
621 793 666 823 v.
688 768 740 844 ξ.
764 774 858 822 XI.
886 789 932 835 4.

532 895 630 944 CN.
663 886 892 944 MATms.

240 1016 355 1065 Huc
379 1014 516 1064 etiam
541 1016 737 1080 pertinet
759 1015 851 1063 Cn.
874 1014 1075 1072 Matius,
1100 1012 1262 1061 mimo-

162 1113 269 1145 rum
298 1096 510 1159 scriptor,
536 1095 612 1143 cui
628 1111 863 1159 praeterea
887 1094 1106 1143 tribuitur
1128 1095 1263 1156 Opus

93 1230 96 1234 ⁴
163 1175 438 1224 hexametris
472 1175 675 1223 versibus
711 1175 769 1223 de
809 1175 956 1224 Iliade
980 1172 1262 1236 inscriptum.

159 1254 458 1321 Fragmenta,
476 1273 597 1320 quae
615 1269 861 1318 supersunt
880 1253 1146 1318 paucissima
1162 1291 1171 1309 ‚
1188 1269 1266 1299 ex·

159 1348 278 1383 stant
316 1334 360 1381 in
399 1332 767 1382 Collectionibus
811 1351 948 1398 supra
991 1329 1260 1381 memoratis.

160 1432 207 1464 v.
227 1408 280 1484 §
298 1414 393 1463 XI.
414 1429 464 1475 4.

462 1494 657 1543 Lucms
692 1496 981 1544 AFRAmus.

238 1573 408 1622 Iisdem
434 1572 713 1638 temporibus
739 1573 894 1622 floruit
919 1572 1096 1622 Lucius
1124 1570 1262 1620 Afra-

161 1652 287 1711 nius,
323 1653 407 1718 qui
445 1654 761 1701 Menandrum
800 1653 993 1700 Poetam
1025 1652 1263 1700 Graecum

162 1731 374 1780 orationis
397 1734 652 1780 charactere
678 1747 821 1798 atque
846 1730 949 1779 stilo
975 1730 1136 1778 imitari
1166 1746 1264 1778 stu-

164 1811 281 1860 duit.
317 1811 501 1860 Enituit
534 1811 731 1860 maxime
769 1811 813 1858 in
850 1810 1174 1874 componendis
1196 1809 1263 1858 fa,

163 1891 284 1940 bulis
309 1891 491 1958 togatis,
518 1890 577 1938 sic
603 1910 627 1939 a
652 1904 760 1958 toga
783 1892 1103 1939 Romanorum
1123 1889 1265 1948 dictis,

164 1989 220 2019 eo
257 1970 385 2036 quod
426 1970 472 2018 in
507 1968 596 2018 illis
635 1970 694 2018 de
728 1984 998 2036 magnatum
1024 1983 1069 2017 et
1093 1967 1266 2016 civium

163 2050 417 2115 primorum
455 2051 592 2098 rebus
633 2051 886 2116 agebatur.
927 2050 1121 2097 Exstant
1168 2049 1264 2097 eius

163 2129 422 2195 fragmenta
462 2129 508 2177 in
539 2128 914 2180 Collectionibus
935 2129 1195 2178 Poetarum.
1219 2145 1263 2177 v.

114 2252 123 2256 -
166 2202 332 2280 §.XL
355 2224 402 2269 4.
