1699 2620
485 130 703 181 sinaeum
729 132 782 181 P.
805 135 865 185 C.
883 137 949 188 ΙΙ.
997 157 999 160 ·
1194 163 1221 210 9
1237 162 1259 197 1

165 209 569 276 ...ssthgestorum
603 214 744 260 libros
782 217 847 263 X
848 218 1072 269 C.-.ad
1109 223 1265 275 Mini-

165 290 280 337 cium
318 289 552 338 Natalem
576 292 679 340 VI.
697 296 857 342 —ad
877 298 1092 348 Urseium
1116 304 1264 354 Fero·

161 386 252 416 cem
267 369 372 416 IV.
388 368 667 435 Fragmenta
684 388 864 423 exstant
879 377 923 423 in
941 378 1127 444 Digest.
1149 371 1266 434 Edi-

164 449 233 494 cti
237 451 463 517 perpetui
482 449 737 516 fragmenta
761 454 928 513 edidit,
969 476 1076 506 cum
1113 463 1264 512 obser-

164 527 420 575 vationibus
435 528 540 587 suis,
551 531 844 581 Abrahamus
860 535 1116 605 Wielling.
1135 542 1264 592 Fra·

160 624 387 672 nequerae
417 623 438 655 1
452 624 518 673 73
536 622 580 675 ς.
605 606 677 671 4.⁰

240 687 438 736 SEXTUS
465 687 699 738 Caecilius
725 691 991 756 Africanus,
1009 699 1181 749 Iuliani
1199 703 1264 751 di-

162 765 387 830 scipulus,
411 765 567 815 floruit
588 772 674 818 sub
699 773 956 824 Antoninis.
1006 781 1121 827 Non
1153 799 1261 830 con·

160 844 426 894 fundendus
451 866 559 896 cum
578 849 674 897 Iul.
701 850 919 905 Afticano
932 894 942 913 ‚
960 857 1041 922 qui
1059 862 1143 907 sub
1161 863 1263 910 Ma-

163 924 289 973 ximo
313 925 496 975 Consul
517 927 608 975 fuit
621 947 634 981 3
664 947 817 996 neque
842 953 949 983 cum
967 936 1060 984 alio
1082 938 1262 988 Africa-

163 1021 246 1061 no,
271 1004 506 1068 Papiniani
539 1007 779 1072 discipulo.
804 1012 990 1077 Scripsit
1016 1019 1264 1078 Quaestio-

161 1090 263 1131 num
279 1085 424 1135 {libros
448 1086 486 1136 Ι
489 1088 985 1159 X-Epistolarum
1006 1098 1130 1144 XX.
1162 1099 1261 1147 Ex-

161 1175 278 1211 stant
295 1162 553 1230 fragmenta
573 1169 804 1233 quaedam
824 1171 868 1219 in
894 1173 1114 1224 Pandect.

240 1243 542 1294 TERENTIUS
579 1246 826 1308 Clemens,
861 1251 1030 1300 Iuliani
1069 1270 1262 1307 sectator

162 1320 267 1370 fuit.
289 1323 364 1369 Ex
388 1323 483 1373 eius
505 1325 676 1390 scriptis
692 1342 876 1377 tantum
895 1330 1135 1382 innotuere
1161 1337 1264 1386 libri

160 1400 282 1450 XX.
307 1401 365 1449 ad
402 1404 460 1452 L.
485 1404 657 1452 Iuliam
681 1422 728 1454 et
750 1408 956 1472 Papiam.
1000 1413 1262 1479 Supersunt

160 1477 419 1546 fragmenta
441 1484 669 1549 quaedam
693 1486 738 1534 in
762 1482 983 1539 Pandect.

162 1587 163 1591 =
238 1560 545 1612 ALBURNIUS
562 1564 765 1625 Valens,
786 1567 924 1616 Prisci
944 1571 1151 1620 Iavoleni
1169 1593 1263 1624 suc-

162 1655 310 1697 cesor,
349 1655 397 1688 et
433 1643 666 1691 Antonino
695 1645 780 1693 Pio
806 1665 831 1694 a
855 1649 1070 1708 consiliis,
1093 1653 1262 1717 scripsit

97 1757 104 1765 .
160 1720 389 1768 actionum
413 1722 554 1769 libros
576 1734 767 1791 septem,
795 1739 842 1772 et
865 1727 1056 1776 totidem
1058 1732 1261 1801 fideico-

158 1799 418 1859 missorum,
463 1819 671 1866 quorum
707 1819 885 1853 exstant
915 1805 1172 1874 fragmenta
1211 1813 1261 1862 iu

161 1875 382 1928 Pandect.

237 1956 434 2008 Lucms
462 1961 688 2012 Volusius
714 1966 1006 2027 Maecianu5‚
1026 1987 1166 2034 quem
1187 1972 1259 2022 M.

160 2035 426 2086 Antoninus
445 2041 773 2107 Philosophus,
794 2064 900 2094 cum
917 2048 1014 2095 Iuri
1036 2050 1260 2110 studeret,

160 2113 363 2173 audivit,
380 2118 551 2182 scripsit
574 2124 899 2183 Quaestionum
915 2127 1260 2196 defideicomis·

161 2193 228 2242 sis
246 2192 387 2263 ⁴libros
407 2199 467 2246 X
472 2199 528 2248 V
523 2199 558 2247 I
559 2236 654 2252 ...-
669 2203 752 2253 De
775 2205 833 2252 L.
857 2207 1058 2257 Rhodia.
1076 2247 1158 2255 ...-
1179 2210 1261 2258 De

1005 2302 1023 2332 1
