1699 2620
460 88 684 137 SAECULI
709 85 763 134 P.
786 85 847 135 C.
872 87 914 135 1.
1191 88 1255 156 65

234 169 456 219 MARCUS
497 166 718 216 Valerius
764 166 944 215 Probus
970 204 983 226 ,
1023 166 1265 234 Berytius,

154 263 368 301 veterum
386 247 809 297 Grammaticorum
831 245 998 296 libellis
1024 246 1265 295 emendan-

154 330 221 379 dis
243 326 518 394 potissimam
539 335 727 393 operam
753 326 896 376 dedit.
933 327 1045 376 Eius
1070 327 1186 376 liber
1205 314 1265 377 de

155 408 270 457 notis
295 409 619 458 Romanorum
653 407 1002 471 interpretandis
1025 420 1172 456 exstat
1204 407 1267 456 in-

152 502 222 538 ter
246 488 477 537 Auctores
501 487 695 537 Latinae
721 486 935 554 Linguae
962 486 1265 541 Gothofredi3

151 582 201 618 et
224 567 341 617 inter
359 567 698 618 Grammaticos
723 566 853 616 Eliae
878 565 1100 616 Putschii.
1139 586 1184 616 v.
1208 562 1262 637 §.

152 650 221 698 V.
265 648 516 715 Leguntur
557 648 696 697 etiam
731 647 860 712 apud
901 647 1103 696 eundem
1142 648 1264 696 Put-

151 727 330 777 schium
375 728 514 777 Probi
537 727 965 779 Grammaticarum
1002 727 1265 778 Institutio-

151 827 266 858 num
292 808 394 857 libri
419 810 486 858 ΙΙ.

231 891 493 939 AscoNIUs
507 889 772 953 Pedianus,
799 889 1074 949 Patavinus‚
1100 906 1267 937 sermo·

153 967 218 1017 nis
235 968 389 1018 Latini
413 968 625 1033 locuples
646 984 825 1028 auctor,
844 970 978 1018 cuius
1001 967 1094 1017 fuit
1113 968 1266 1028 Quin·

153 1047 338 1097 tilianus
361 1048 567 1109 auditor,
594 1048 752 1097 floruit
773 1049 1025 1114 imperante
1044 1048 1266 1097 Claudio.

154 1129 228 1177 Ex
249 1128 347 1177 eius
383 1128 555 1192 scriptis
579 1127 694 1177 nihil
719 1129 857 1177 hodie
882 1142 1113 1194 superest,
1133 1147 1266 1193 prae-

154 1222 221 1258 ter
239 1208 646 1257 commentationes
675 1209 861 1257 mutilas
880 1209 927 1257 in
947 1208 1170 1275 quasdam
1188 1208 1265 1258 Ci-

156 1287 329 1337 ceronis
352 1287 609 1348 Orationes,
628 1306 751 1355 quae
770 1289 1003 1337 habentur
1027 1289 1072 1335 in
1099 1287 1264 1336 editio·

153 1367 289 1416 nibus
312 1367 637 1428 Gronoviana,
661 1367 924 1418 Graeviana
943 1406 956 1428 ,
982 1382 1028 1417 et
1048 1368 1264 1418 Verbur-

152 1446 309 1515 gianis.

480 1529 681 1580 SENECA
702 1531 940 1579 RHETOR.

231 1609 423 1658 Marcus
448 1610 670 1659 Annaeus
690 1611 888 1668 Seneca,
914 1610 1117 1668 Rhetor,
1144 1608 1266 1658 Cor-

152 1687 394 1748 dubensis,
414 1688 551 1738 Lucii
575 1689 759 1738 Annaei
783 1690 984 1740 Senecae
1008 1702 1160 1753 pater,
1187 1706 1265 1736 ex—

152 1766 361 1818 cellentis
395 1766 593 1837 ingenii,
629 1783 678 1819 et
714 1768 990 1819 firmissimae
1021 1767 1266 1817 memoriae

152 1847 268 1907 fuit,
311 1848 428 1897 adeo
459 1864 515 1898 ut
535 1888 548 1910 ‚
586 1848 683 1898 duo
719 1849 862 1898 millia
896 1848 1137 1897 nominum
1169 1866 1266 1914 quo

153 1941 281 1976 erant
320 1927 479 1979 ordine
518 1929 706 1980 recitata
725 1969 737 1990 ‚
759 1929 996 1983 redderet;
1024 1944 1070 1978 et
1103 1928 1266 1994 singu-

154 2005 222 2055 los
263 2026 418 2058 versus
452 2028 479 2059 a
513 2009 708 2077 singulis
750 2009 916 2069 datos,
953 2028 1066 2058 cum
1111 2008 1268 2073 plures

156 2103 300 2152 quam
331 2086 522 2137 ducenti
556 2104 732 2150 essent,
771 2092 828 2138 ab
853 2088 1024 2138 ultimo
1051 2088 1266 2151 incipiens

156 2183 308 2233 usque
333 2167 392 2217 ad
417 2168 619 2235 primum
641 2169 866 2220 recitaret.
892 2169 1037 2220 Varia
1062 2166 1264 2232 scripsit:
