1699 2620
465 113 687 164 SAECULI
708 113 769 162 A.
791 113 852 162 C.
875 115 940 163 II.
1231 136 1264 186 9

159 195 657 262 ..a-Birmz‘nghamiae
669 232 681 252 ,
698 192 986 243 Baskerville
999 232 1011 254 ,
1042 210 1061 242 1
1076 211 1147 261 77
1160 214 1205 245 2.

159 279 220 328 In
243 275 325 324 fol.
352 276 520 323 Paris.
546 286 647 340 typ.
669 273 792 338 Reg.
824 288 842 319 1
860 273 987 336 642.
1195 270 1197 272 ’

161 372 311 407 3-...ex
347 354 456 403 MS.
493 353 617 401 Cod.
656 351 901 402 Vaticano.
940 355 1071 404 Rom.
1103 357 1265 424 1767.

239 430 359 485 Vol.
387 449 434 481 2.
460 432 566 481 Lat.
590 430 697 480 Ital.

440 552 646 603 CRATES
687 554 992 606 MALLoTEs.

242 676 374 727 Inter
394 675 652 724 secundum
676 688 724 725 et
747 675 936 724 tertium
961 677 1142 728 bellum
1171 680 1270 730 Pu-

163 755 325 806 nicum
349 755 505 803 missus
529 769 597 805 est
617 757 674 804 ab
699 756 864 804 Attalo
893 757 1027 825 Rege
1049 759 1108 808 ad
1129 760 1270 809 Sena-

167 850 271 886 tum
296 836 485 895 Crates,
506 835 656 884 dictus
680 834 902 888 Mallotes
926 855 952 884 a
975 838 1120 902 patria
1141 840 1270 888 Mal-

166 916 252 976 los,
276 917 393 964 urbe
411 915 620 975 Ciliciae,
641 914 722 981 qui
747 914 920 979 primus
941 916 987 964 in
1008 918 1186 970 Urbem
1203 919 1273 967 in-

170 994 282 1046 tulit
306 994 515 1044 studium
537 994 896 1044 Grammaticae.

507 1116 584 1166 SP.
619 1115 935 1166 C'ARVILIUS.

251 1238 433 1287 Eodem
454 1250 661 1303 tempore
688 1238 884 1302 Spurius
925 1238 1157 1290 Carvilius
1197 1241 1274 1291 lun

170 1318 289 1367 dum
314 1317 496 1381 aperuit
521 1317 566 1364 in
592 1318 721 1365 Urbe
741 1355 752 1375 ,
789 1335 840 1364 ac
870 1320 1080 1368 mercede
1105 1321 1276 1369 Gram—

173 1397 387 1446 maticam
406 1395 581 1444 docuit.
606 1395 699 1443 Hie
717 1396 766 1444 G
785 1394 966 1444 literam
986 1398 1181 1458 invenit,
1204 1418 1282 1448 cu-

174 1476 244 1537 ius
265 1476 366 1525 vice
389 1475 545 1524 adhuc
567 1475 612 1523 in
640 1493 731 1523 usu
757 1489 853 1523 erat
874 1475 942 1525 C:
977 1491 1132 1542 postea
1173 1497 1283 1529 vero

177 1559 375 1625 agitare
397 1574 482 1622 pro
505 1558 690 1605 acz‘tare
716 1554 895 1603 dictum
921 1572 1000 1605 est.

473 1678 546 1726 M.
572 1677 799 1725 Pmmus
825 1677 987 1727 CATO.

260 1798 401 1849 Anno
421 1798 478 1846 ab
503 1799 570 1848 V.
591 1797 651 1847 C.
675 1816 829 1849 DXIX.
864 1812 998 1847 natus
1039 1813 1104 1849 est
1129 1802 1285 1850 muni-

183 1878 302 1942 cipio
320 1876 532 1928 Tusculo
549 1879 622 1926 M.
642 1879 824 1929 Portius
846 1880 984 1938 CatO,
1006 1880 1086 1945 qui
1110 1896 1155 1929 et
1175 1885 1288 1931 Ma·

183 1960 254 2007 ior
279 1957 411 2006 audit
435 1972 481 2007 et
502 1959 763 2008 Censorius.
804 1959 956 2019 „Hic,
995 1974 1106 2008 teste
1141 1964 1284 2010 (πη-η,

184 2060 218 2083 22
235 2039 455 2101 Nepote,
479 2038 524 2086 in
548 2038 763 2087 omnibus
787 2041 924 2088 rebus
947 2039 1167 2106 singulari
1201 2041 1290 2088 fuit

183 2139 218 2163 υ
235 2115 482 2181 prudentia
502 2132 549 2166 et
578 2117 812 2166 industria.
853 2121 983 2168 Nam
1013 2133 1059 2167 et
1091 2120 1292 2185 agricola

184 2218 218 2244 υ
236 2195 395 2255 solem,
420 2209 466 2246 et
486 2197 596 2263 reip.
621 2198 817 2262 peritus,
841 2213 887 2247 et
907 2198 1152 2263 probabilis
1174 2200 1291 2247 Cra-
