1731 2588
508 113 578 166 26
740 109 794 186 5.
821 115 887 166 Χ.
912 115 1112 166 SCRIPT.
1137 114 1355 163 PRAEST.

734 254 924 286 EDITIO
950 252 1376 285 PRAESTANTIOR.

503 358 561 412 In
589 353 657 407 8.⁰
689 375 798 406 cum
831 357 945 405 notis
978 356 1195 424 Scaligeri
1229 369 1276 405 et
1314 354 1607 407 Lindenbro·

582 436 670 504 gii,
694 440 852 486 Anu-t.
884 453 903 484 Ι
919 454 987 501 70
1002 454 1047 484 2.

581 517 643 566 C.
688 517 827 565 Pmo
870 517 1215 577 Alvinovanus,
1255 534 1397 583 quem
1433 517 1606 566 Seneca

503 596 802 662 philosophus
853 596 1242 663 elegantissimum
1296 595 1606 646 fabulatorem

502 690 652 724 vocat.
681 676 796 724 Eius
818 675 1034 741 reliquiae
1059 677 1329 741 prodierunt
1353 694 1462 723 cum
1487 674 1604 723 notiS

501 755 722 822 Scaligeri
740 794 752 814 ,
796 755 1124 823 Lindenbrogii
1179 770 1227 805 et
1271 755 1397 804 alior.
1443 757 1602 805 Amst.

507 832 779 899 1703.89

580 914 788 963 CAESAR
809 914 1135 975 Germanicus,
1156 913 1361 982 Augusti
1380 913 1599 978 Imperat.

500 1009 640 1058 nepos
654 1031 665 1052 ,
681 993 802 1041 filius
828 995 998 1052 Drusi,
1015 994 1096 1059 qui
1118 994 1351 1043 Ciceronis
1371 993 1604 1057 exemplo,

499 1073 634 1123 Arati
662 1073 831 1120 Poetae
852 1074 1166 1141 phaenomena
1197 1072 1369 1121 Latinis
1399 1071 1603 1121 versibus

499 1151 733 1217 expressit.
774 1151 966 1200 Exstant
998 1151 1044 1199 in
1081 1166 1369 1220 syntagmate
1403 1151 1602 1199 Arateo-

499 1249 627 1290 rum,
660 1231 816 1297 Lugd.
852 1232 1042 1279 Batav.
1086 1231 1248 1278 1600.
1286 1227 1381 1292 4⁰,
1417 1243 1464 1277 et
1494 1247 1602 1278 cum

498 1324 593 1359 not.
620 1328 712 1360 var.
737 1328 762 1357 a
785 1310 945 1358 Ioann.
969 1310 1189 1360 Conrado
1228 1310 1474 1368 Schwarz,
1511 1309 1601 1358 Co-

502 1385 926 1456 burg.1715.8.⁰

577 1468 638 1517 C.
666 1468 908 1517 chmms
934 1467 1140 1527 Calvus,
1164 1467 1308 1516 Po'eta
1331 1464 1601 1525 maledicus,

497 1547 631 1597 cuius
654 1559 827 1596 exstant
850 1547 977 1611 apud
1012 1547 1291 1597 Suetonium
1319 1562 1474 1595 versus
1498 1555 1603 1593 tur-

495 1626 664 1693 pissimi
687 1625 732 1673 in
757 1625 818 1674 C.
844 1626 1104 1676 Caesarem.
1128 1625 1333 1692 Reliqua
1366 1623 1465 1673 eius
1493 1622 1602 1673 scri-

497 1722 578 1771 pta
600 1706 791 1770 periere.

576 1786 638 1834 C.
662 1787 917 1834 MEMMIUS
930 1824 942 1845 ‚
959 1785 1101 1833 Po'eta
1118 1783 1400 1833 doctissimus
1414 1820 1426 1842 ‚
1449 1794 1496 1830 et
1515 1779 1604 1830 cla-

496 1864 691 1914 rissimus
715 1867 907 1923 Orator,
931 1864 1013 1930 qui
1041 1864 1210 1913 eisdem
1236 1881 1346 1911 usus
1382 1875 1450 1910 est
1472 1878 1603 1925 prae-

496 1944 758 2007 ceptoribus
778 1983 789 2003 ‚
826 1944 992 2009 quibus
1027 1957 1075 1992 et
1102 1942 1364 1992 Lucretius.
1404 1941 1480 1989 Ex
1504 1939 1601 1990 eius

494 2022 668 2086 scriptis
691 2023 802 2070 nihil
826 2023 952 2070 nobis
975 2022 1210 2087 reliquum
1238 2035 1319 2070 est.

576 2103 772 2149 TICIDA
806 2102 977 2160 Poeta,
1014 2101 1099 2167 qui
1133 2101 1301 2167 elegias
1339 2097 1511 2163 scripsit
1542 2096 1601 2147 de

497 2180 706 2242 Perilla,
729 2179 893 2231 iniuria
918 2194 1179 2249 temporum
1202 2178 1474 2250 deperditas.
