1731 2588
395 123 538 161 xx1v
817 103 849 179 [
864 103 916 181 §-
940 103 1104 179 VIL]

475 187 656 239 Frider.
694 186 841 237 Andr.
879 191 1192 240 Hall'oaverus
1220 227 1232 249 ,
1270 188 1501 241 Collectio

398 268 878 336 praestantissimorum
899 269 1179 334 Opusculor.
1202 270 1259 319 de
1289 270 1502 320 imitatio-

401 368 459 398 ne
485 367 649 398 orator.
675 350 820 398 lenae
850 350 1011 414 1726.

479 429 730 478 Variorum
762 429 994 494 Epistolae
1029 430 1086 478 de
1119 433 1207 480 hoc
1230 446 1505 499 argumento

401 508 668 577 prodierunt
702 508 927 577 Francos.
963 511 1030 558 ad
1063 513 1221 560 Moen.
1250 527 1504 577 1701.·....

403 589 643 640 Accedant
679 588 913 653 Epistolae
953 591 1227 650 Gmhanae,
1262 591 1413 641 editae
1449 594 1507 641 ab

402 670 595 718 Ernesto
618 668 787 718 Salom.
808 669 1033 737 Cyprian.
1057 671 1195 739 szs.
1226 686 1246 720 1
1260 688 1293 736 7
1308 688 1324 719 1
1340 689 1389 734 4.

481 748 630 797 Andr.
650 749 869 798 Schottus
883 789 893 807 ,
911 750 1237 798 Tullianarum
1253 751 1506 817 quaestion.

403 830 464 877 de
505 829 795 877 instauranda
831 829 1066 878 Ciceronis
1104 829 1371 880 imitatione.
1405 830 1509 880 libri

403 910 498 960 IV.
521 911 756 979 Antuerp.
788 925 806 957 1
823 908 950 958 610.

484 989 646 1036 Ioann.
676 988 959 1048 Schefferus,
987 991 1069 1038 De
1091 989 1194 1038 stilo
1218 1004 1360 1057 atque
1383 990 1508 1040 illius

404 1068 639 1118 exercitiis.
674 1069 885 1139 Upsalae
918 1085 937 1118 1
954 1068 1018 1138 65
1037 1086 1081 1135 3.
1119 1085 1166 1119 et
1188 1086 1312 1120 auct.
1347 1086 1366 1118 1
1382 1069 1411 1118 6
1426 1084 1445 1138 5
1460 1086 1510 1136 7,

402 1161 454 1196 et
485 1164 505 1196 1
521 1147 548 1195 6
561 1148 589 1196 6
605 1163 624 1216 ς
640 1188 649 1197 .

483 1230 640 1277 Iacob.
662 1230 898 1279 Masenius
912 1270 922 1289 ‚
933 1230 1165 1279 Palaestra
1189 1229 1279 1280 stili
1294 1229 1509 1281 Romani.

404 1307 757 1377 Colon.Agr1p.
786 1325 804 1357 1
821 1309 848 1356 6
865 1323 884 1376 5
902 1326 949 1371 9.

484 1388 645 1435 Ioann.
662 1387 852 1435 Ludov.
873 1388 1128 1448 PraschiuS,
1145 1390 1372 1438 Rosetum
1386 1427 1398 1448 ,
1419 1389 1514 1438 sive

407 1480 650 1531 praecepta
676 1465 762 1513 stili
784 1467 964 1524 Latini,
999 1486 1110 1516 cura
1144 1469 1324 1536 Georg.
1349 1468 1511 1519 Nicol.

405 1545 607 1613 Kriegk.
631 1547 776 1595 Ienae
806 1563 823 1594 1
840 1564 909 1612 70
924 1565 967 1594 2.

485 1627 607 1675 Sam.
633 1626 907 1684 Grosserus,
927 1628 1111 1695 Isagog.
1134 1627 1223 1677 stili
1237 1629 1378 1678 Rom.
1395 1629 1514 1680 Gor-

406 1707 864 1771 lic.1703.1713.

485 1785 644 1833 Ioann.
673 1786 930 1847 Starckius,
969 1787 1202 1837 Institutio
1225 1786 1516 1855 Philologica

406 1864 466 1912 de
493 1864 611 1913 stilo.
635 1867 907 1934 Hamburg.
936 1883 954 1915 1
970 1882 1099 1935 705.

487 1945 792 2012 Anonymus,
834 1948 1077 1995 Tractatus
1110 1947 1170 1996 de
1195 1947 1283 1996 stili
1307 1945 1516 1997 moderni

407 2023 635 2089 elegantia
667 2023 942 2074 addiscenda
967 2041 1054 2074 ete.
1081 2028 1218 2096 szs.
1250 2043 1349 2092 171
1367 2034 1413 2076 2'.

485 2104 646 2152 Ioann.
692 2104 910 2154 Gottlieb
963 2105 1241 2155 Heineccius
1261 2145 1274 2166 ,
1316 2108 1360 2157 F
1363 2105 1513 2157 unda·

407 2197 560 2234 menta
586 2183 673 2242 stili
697 2183 912 2254 cultioris.
947 2201 1111 2251 1720.
1147 2185 1312 2253 1726.
