1699 2620
492 111 711 161 SAEcum
738 108 797 158 A.
822 110 884 159 C.
909 110 949 159 1.
1200 126 1262 180 35

235 188 401 240 CArus
422 190 650 240 Albutius
676 188 812 248 Silus,
829 188 1121 239 Novariensis
1139 191 1268 240 Rhe-

174 280 268 328 tor,
289 269 433 335 patria
453 270 608 319 relicta
622 271 821 320 Romam
841 269 1090 329 contendit,
1113 265 1268 336 ibique

174 365 327 397 causas
347 347 469 415 egit,
491 350 569 399 sed
588 347 960 397 inconsideratius
983 363 1028 397 et
1049 349 1265 399 acerbius.

249 428 469 478 MARCUS
493 428 680 478 Porcius
699 428 862 486 Latr0,
882 425 962 493 qui
981 428 1178 477 Senecae
1197 448 1264 478 so-

171 506 283 555 dalis
306 521 445 573 atque
470 509 640 558 amicus
664 506 776 565 fuit,
802 505 975 571 primus
1000 507 1106 556 clari
1127 508 1266 556 nomi-

169 586 235 636 nis
259 586 507 651 professor,
536 588 620 655 qui
643 604 865 636 summam
889 587 935 635 in
972 586 1132 636 scholis
1166 588 1265 652 opi-

168 666 349 715 nionem
373 667 619 718 obtinuerit
635 705 646 726 ,
671 665 839 715 dicitur
864 666 989 731 apud
1010 666 1263 726 Quintilia-

167 763 294 794 num.
344 748 444 798 Sub
490 747 587 796 eius
635 745 817 794 nomine
862 745 1176 795 circumfertur
1217 746 1263 797 in

168 826 399 876 nonnullis
439 824 642 878 Sallustii
681 824 951 874 editionibus
971 825 1264 875 Declamatio

167 902 212 951 in
235 905 484 954 Catilinam
505 944 516 965 ,
540 905 724 972 indigna
748 918 874 954 tanto
893 904 1004 954 viro.

244 985 317 1032 M.
343 986 605 1034 ARELmus
645 983 849 1043 Fuscus,
874 985 1111 1033 Romanus
1125 985 1259 1034 Rhe-

164 1076 235 1111 tor
254 1101 266 1123 ,
289 1063 347 1113 de
371 1064 501 1113 cuius
526 1063 721 1112 dictione
746 1062 808 1111 ita
831 1064 964 1113 sentit
984 1065 1152 1114 Seneca
1176 1083 1256 1128 pa-

161 1154 252 1191 ter:
287 1158 382 1193 erat
407 1143 648 1209 explicatio
671 1141 811 1192 Fusci
836 1143 999 1193 Arellii
1024 1143 1256 1211 splendida

156 1221 375 1287 quidem,
401 1224 480 1272 sed
504 1240 692 1287 operosa
718 1235 764 1270 et
789 1222 1053 1286 implicita.''

235 1300 302 1360 Q.
328 1304 679 1360 HORTEnsms,
703 1301 940 1350 Romanus
965 1303 1146 1361 Orator,
1171 1301 1252 1352 Ci-

154 1379 324 1429 ceronis
367 1380 604 1441 aemulus,
651 1379 819 1444 sc1ipsit
862 1381 1102 1441 orationes,
1142 1385 1254 1445 poe-

153 1473 274 1507 mata
292 1498 303 1518 ,
342 1474 387 1509 et
412 1459 620 1519 annales,
645 1476 704 1508 ex
727 1459 898 1525 quibus
922 1479 980 1510 ne
1011 1461 1253 1511 minimum

150 1537 341 1603 quidem
363 1539 674 1606 fragmentum
694 1553 913 1604 superest.

230 1616 292 1665 C.
313 1618 484 1668 Curuo
511 1619 658 1668 clarus
681 1620 872 1679 Orator,
897 1619 1002 1686 qui,
1027 1633 1141 1670 teste
1163 1620 1244 1671 Ci-

149 1711 337 1756 cerone,
361 1697 742 1762 splendidioribus
768 1699 914 1747 verbis
947 1700 1129 1765 scripsit.

227 1774 288 1824 C.
306 1777 548 1826 mems
567 1776 770 1837 Calvus,
788 1777 868 1844 qui
895 1797 1002 1827 cum
1020 1780 1245 1830 Cicerone

146 1851 228 1900 diu
246 1853 304 1902 de
320 1855 577 1920 principatu
604 1855 893 1922 eloquentiae
917 1858 1045 1907 litem
1066 1859 1241 1918 habuit,

142 1948 285 1997 quam
309 1952 425 1984 mors
450 1953 750 2000 praepropera
773 1936 967 1986 diremit.

221 2013 293 2060 M.
314 2015 521 2064 BRUTUS
559 2015 750 2074 Orator,
789 2016 868 2064 cui
901 2016 1069 2067 Cicero
1112 2036 1234 2068 com-

140 2091 379 2141 mentarios
404 2093 462 2141 de
486 2094 756 2142 Oratoribus
780 2095 1021 2160 adscripsit.

218 2170 290 2218 M.
318 2171 545 2222 Cosmus
563 2210 575 2232 ,
600 2189 742 2240 quem
768 2174 1059 2241 eloquentiae
1086 2177 1236 2227 studio

139 2245 305 2299 Cicero
329 2249 507 2302 imbuit.
