1731 2588
435 132 454 165 1
471 116 500 166 8
669 111 721 187 §-
745 117 810 166 X.
837 119 1038 168 ScRn’T.
1062 117 1276 168 PRAEST.

425 195 605 262 giarum
630 195 731 244 libri
755 198 846 246 IV.
874 196 981 245 editi
1002 196 1202 260 primum
1226 198 1400 262 absque
1423 193 1516 249 Ioci

426 288 472 322 et
496 275 773 341 typographi
791 290 897 324 nota
927 291 1088 340 1472.
1112 270 1184 337 4.⁰

482 408 486 413 ’
558 410 857 442 EDITIONES
898 410 1390 445 PRAESTANTIORES.

426 514 484 561 In
514 507 584 560 8.θ
604 531 628 560 a
650 512 776 561 Frid.
795 512 947 562 Gottl.
970 513 1170 561 Barthio.
1190 515 1324 583 szvs.
1353 528 1514 578 1777.

426 592 483 641 In
507 588 578 652 4.⁰
596 611 620 640 a
644 593 802 639 Ioann.
839 592 1121 641 Broukusio.
1163 595 1318 643 Amst.
1353 608 1371 640 1
1386 609 1517 657 702.

515 686 675 734 1727.

427 767 540 798 —a
564 751 721 797 Ioann.
748 750 860 798 Ant.
883 750 1086 815 Vulpio.
1123 752 1309 800 Patav.
1333 748 1517 801 Comin.

513 842 610 895 175
630 841 673 895 5·

823 909 1128 958 VIRGILIUS.

505 987 628 1034 Ann.
654 987 720 1035 V.
746 986 805 1034 C.
826 1003 1147 1046 DCLXXXIV„
1180 986 1404 1052 Augusto
1432 986 1518 1034 im-

427 1078 635 1127 perante,
675 1078 808 1111 natus
848 1078 912 1112 est
947 1064 990 1111 in
1027 1065 1128 1113 vico
1169 1065 1335 1113 Andae
1375 1083 1520 1129 prope

427 1144 675 1190 Mantuam
709 1142 906 1190 Publius
931 1143 1182 1209 Virgilius,
1221 1143 1314 1191 sive
1353 1143 1521 1209 Vergi-

426 1220 529 1268 lius.
553 1223 598 1269 Is
622 1239 646 1269 a
667 1239 813 1284 puero
835 1223 1058 1269 bonarum
1081 1222 1247 1270 artium
1267 1221 1419 1270 studio
1442 1221 1519 1269 fla-

428 1316 557 1365 grare
598 1299 761 1363 coepit.
802 1299 1082 1349 Adolescens
1121 1300 1396 1349 Cremonam
1427 1300 1520 1364 pri-

426 1395 556 1424 mum
570 1415 580 1435 ‚
598 1377 807 1440 deinceps
826 1377 1149 1426 Mediolanum
1161 1414 1176 1434 ,
1198 1395 1249 1425 ac
1265 1378 1519 1442 Neapolim

425 1456 679 1519 perductus
699 1469 784 1514 est,
811 1469 867 1502 ut
890 1456 1081 1519 optimos
1102 1475 1312 1523 quosque
1337 1456 1517 1505 audiret

425 1535 672 1600 magistros.
695 1535 890 1582 Romam
916 1534 1079 1582 deinde
1097 1534 1352 1598 profectus,
1376 1534 1515 1582 omni-

428 1614 515 1660 bus
549 1630 680 1660 carus
707 1611 798 1660 fuit
822 1613 959 1671 adeo,
984 1626 1039 1661 ut
1070 1613 1316 1677 prodeunti
1354 1613 1398 1660 in
1422 1631 1513 1677 pu-

424 1690 599 1738 blicum
650 1690 850 1756 Virgilio
888 1710 1224 1757 nonnunquam
1263 1709 1289 1739 a
1333 1691 1514 1756 populo

426 1769 756 1817 conclamatum
775 1769 848 1817 sit:
867 1770 1071 1818 Delicias
1086 1772 1278 1819 Romae.
1290 1770 1511 1818 Theocri‘

424 1862 547 1905 tum,
571 1848 831 1896 Hesiodum
845 1887 855 1905 ‚
877 1848 1173 1897 Parthenium
1189 1887 1199 1907 ,
1224 1848 1511 1907 Pisandrum,

421 1925 670 1973 Pindarum
685 1962 697 1981 ,
719 1940 764 1974 et
784 1929 1044 1974 Homerum
1068 1928 1112 1974 in
1130 1927 1301 1992 primis,
1338 1927 1510 1991 praeci-

420 2022 538 2067 puos
564 2005 852 2053 Graecorum
877 2007 1179 2072 coryphaeos,
1201 2005 1402 2054 imitatus
1428 2020 1510 2064 est,

419 2095 465 2131 et
485 2083 717 2146 superavit
740 2082 996 2148 plerosque.
1021 2083 1136 2133 Fuit
1159 2083 1312 2133 Latini
1337 2083 1509 2150 eloquii

419 2178 611 2229 magnus
627 2175 810 2223 auctor,
835 2161 984 2212 iudice
1005 2164 1053 2214 S.
1076 2162 1360 2231 Augustino.
1393 2161 1506 2214 Vir-
