1699 2620
423 125 648 178 SAL-cum
671 124 726 172 P.
749 123 809 173 C.
833 121 926 175 IV.
1125 141 1144 174 1
1166 143 1184 175 1
1200 143 1231 192 9

125 208 259 268 toris,
300 207 470 272 scripsit
511 205 647 254 etiam
675 205 842 254 Sextus
866 204 1052 266 Rufus,
1092 224 1237 272 quem

124 289 465 339 Volaterranus
490 304 731 350 perperam
751 285 950 335 Festum
977 305 1060 352 pro
1095 287 1238 337 Sexto

126 382 277 420 vocat.
303 367 416 415 Eius
439 366 625 414 libellus
659 380 715 414 ut
753 365 1013 430 plurimum
1040 366 1239 417 Aurelio

128 446 312 502 Victori
339 446 628 514 adiungitur.
656 465 701 496 v.
724 447 846 495 Aur.
870 447 1000 497 Vict.

327 570 614 620 AMMIANUS
641 568 1041 620 MARCELmNus‚

210 693 310 744 Sub
351 691 629 742 Constantio
656 704 702 741 et
726 691 945 757 proximis
985 693 1241 758 Imperato-

130 772 256 824 ribus
272 773 387 822 vixit
398 772 673 822 Ammianus
685 772 1004 833 Marcellinus,
1016 775 1244 834 Graecus,

133 853 218 920 qui
243 853 313 902 sui
351 853 567 918 temporis
596 851 849 901 Historiam
889 853 1013 902 libris
1041 855 1242 903 XXXI.

134 933 362 992 absolvit,
386 951 445 982 ex
468 932 640 1000 quibus
661 933 794 998 primi
818 934 966 982 XIII.
993 935 1246 999 perierunt.

137 1014 220 1063 De
245 1013 349 1062 stilo
373 1012 638 1061 Marcellini
663 1012 726 1060 ita
763 1013 1032 1077 pronuntiat
1069 1015 1247 1064 Salma-

135 1092 251 1143 sius:
280 1092 409 1160 gquis
434 1092 762 1158 compositione
789 1082 932 1160 magis
958 1108 1024 1143 est
1048 1093 1249 1143 incondi-

136 1188 212 1224 tus
237 1187 284 1222 et
317 1172 607 1233 lutulentus,
647 1190 790 1240 quam
817 1174 1091 1222 Ammianus
1117 1177 1249 1224 Mar-

135 1253 350 1303 cellinus?
366 1253 468 1320 quis
482 1256 664 1318 phrases
680 1272 892 1320 unquam
909 1256 1156 1319 usurpavit
1172 1256 1254 1304 du·

137 1334 299 1393 riores,
324 1332 702 1393 inconcinniores,
729 1352 780 1382 ac
806 1334 1090 1383 rusticiores?
1113 1336 1253 1385 Chri-

138 1414 340 1464 stianum
365 1413 506 1463 fuisse
533 1414 761 1462 affirmant
788 1413 965 1463 Claud.
989 1415 1259 1466 Chiffletius

139 1507 188 1544 et
231 1495 397 1543 Petrus
436 1495 660 1544 Pithoeus
698 1515 709 1549 ;
764 1509 938 1563 negant
990 1496 1257 1557 Fabricius,

140 1574 380 1624 Funccius
406 1589 451 1624 et
475 1575 565 1623 alii.
592 1575 734 1624 Liber
759 1577 908 1625 XIV.
934 1590 979 1624 et
1000 1575 1169 1642 reliqui
1190 1597 1263 1626 us-

142 1673 239 1722 que
260 1655 319 1703 ad
336 1656 540 1705 XXVI.
564 1655 837 1719 prodierunt
862 1656 1062 1720 primum
1084 1659 1260 1708 Romae

151 1751 316 1800 1474.
338 1734 419 1783 fol.
442 1735 640 1784 Librum
658 1736 891 1785 XXVII.
913 1754 1005 1784 una
1033 1755 1140 1784 cum
1160 1757 1262 1802 pro-

143 1815 277 1867 ximis
315 1831 520 1883 quatuor
563 1834 714 1882 usque
754 1816 812 1864 ad
851 1817 1051 1865 XXXI.
1088 1818 1263 1882 primus

145 1895 292 1944 edidit
331 1895 656 1964 Mariangelus
690 1896 964 1958 Accursius‚
1005 1901 1265 1967 Augustae

154 1989 176 2025 1
194 1988 215 2045 5
234 1981 318 2042 33⁴.
339 1976 419 2026 fol.

308 2126 589 2161 EDITIONES
623 2129 1095 2162 PRAESTANTIORES.

146 2223 208 2277 In
236 2219 308 2272 8.ο
332 2225 390 2272 ab
417 2226 626 2294 August.
653 2226 791 2275 Guil.
815 2227 1031 2287 Ernesto,
1061 2226 1265 2296 Lrpsiae

238 2319 258 2353 1
271 2320 379 2372 773
393 2343 403 2353 ·
