1699 2620
714 190 724 201 .
747 143 866 220 11.]
1272 171 1328 205 v·

231 267 235 271 -
283 232 553 299 Alphabeta
579 147 655 281 eis:
668 144 970 282 §characteres
1016 246 1043 281 a
1086 231 1315 320 creatione

204 313 379 364 Mundi
403 314 461 362 ad
485 327 636 362 nostra
660 331 811 402 usque
836 326 929 362 ten·
919 331 1043 378 pora
1065 330 1138 377 ap.
1157 331 1315 365 omnes

203 393 431 445 Nationes
474 394 686 459 usurpati
714 432 725 453 ,
768 412 851 460 per
893 392 1054 444 fratres
1100 392 1159 442 de
1199 396 1313 463 Bry.

203 471 427 542 Francqf.
464 473 626 542 1596.
656 469 729 538 4⁰

282 554 443 604 Ioann.
468 554 771 616 Boubierius,
809 556 893 605 De
924 554 1076 620 priscis
1101 555 1330 606 Graeco--

203 634 307 685 'rum
332 649 381 684 et
415 635 622 685 Latinor.
657 635 795 683 literis
836 635 1131 685 Dissertatio:
1166 649 1312 686 exstat

204 714 263 761 ad
312 714 483 764 calcem
533 715 928 784 Palaeographiae
982 714 1326 768 Montfauconss.

205 793 374 844 Paris.
408 796 572 861 1708.

282 873 522 924 Claudius
542 876 846 936 Molinettus,
888 879 971 926 De
995 879 1314 929 Romanarum

204 953 440 1004 literarum
460 955 561 1004 fatis
586 956 861 1006 Dissertatio
879 976 890 1004 ι
916 971 1064 1005 exstat
1085 957 1130 1004 in
1151 958 1312 1022 Ephe-

202 1033 454 1083 meridibus
477 1034 653 1085 Gallie.
679 1036 724 1084 d.
757 1052 818 1101 31
846 1037 1031 1085 Ianuar.
1069 1053 1086 1085 1
1103 1035 1232 1100 684.

281 1114 573 1166 Christianus
596 1116 855 1175 Falsterus,
881 1117 963 1166 De
989 1115 1187 1184 origine,
1219 1135 1311 1166 nu·

200 1212 350 1255 mero,
373 1211 421 1246 et
444 1195 589 1246 forma
606 1211 694 1246 etc.
712 1198 1029 1246 Romanarum
1047 1197 1311 1247 Literarum

200 1275 513 1337 Quaestiones
529 1278 650 1326 VL:
677 1291 854 1325 exstant
879 1277 924 1323 in
940 1276 1311 1337 Quaestionibus

199 1345 435 1406 Romafiis.
461 1375 506 1407 v.
531 1374 670 1421 supra
690 1375 797 1423 pag.
820 1374 904 1404 111.

279 1436 439 1485 Ioann.
475 1436 637 1486 Nicol.
660 1435 921 1495 Funccius,
960 1436 1017 1485 In
1053 1436 1309 1487 Tractatib.

199 1514 259 1564 de
281 1515 505 1581 pueritia,
530 1531 578 1566 et
594 1516 653 1566 de
673 1515 980 1567 adolescentia
995 1516 1150 1567 Latin.
1168 1517 1310 1587 Ling.

202 1612 247 1644 v.
273 1614 409 1662 supra
435 1614 542 1664 pag.
567 1616 651 1647 111.

278 1675 421 1743 Casp.
448 1677 713 1745 Scioppius,
750 1679 808 1729 In
842 1679 960 1730 Arte
989 1677 1157 1728 critica.
1199 1680 1309 1730 Ni)-

197 1757 331 1806 rimb.
363 1760 786 1825 1597.—Amst.
821 1759 983 1824 1672.
1008 1759 1185 1809 Acced.
1203 1759 1310 1809 Fri-

195 1835 294 1885 der.
316 1837 541 1906 Sylburg.
567 1839 650 1888 De
676 1852 833 1888 vetere
854 1840 1092 1904 scriptura.

275 1917 527 1983 Scriptores
551 1933 753 1978 veteres,
787 1920 869 1969 De
903 1919 1066 1978 literis,
1103 1918 1306 1986 syllabis,

195 1996 416 2063 pedibus,
456 2012 504 2048 et
540 1998 678 2048 tonis:
722 2013 901 2049 exstant
931 1998 976 2047 in
1009 1998 1308 2049 Collectione

196 2076 620 2128 Grammaticorum
642 2077 942 2140 Gothofredi,
965 2092 1011 2128 et
1032 2078 1163 2129 Eliae
1187 2079 1307 2128 Put-

196 2156 320 2205 schii.
362 2175 407 2206 v.
429 2152 482 2228 §.
503 2161 573 2209 V.

274 2233 547 2306 Scriptores*
564 2239 623 2289 de
667 2239 810 2292 Notis
855 2238 1121 2300 literarum,
1161 2237 1310 2289 edidit
