1683 2604
393 148 460 201 52
631 126 686 202 §.
711 132 778 182 X.
803 132 1003 181 Scmr.
1029 129 1243 179 PRAEST.

386 229 585 263 —cum
623 212 738 260 notis
776 229 871 262 var.
909 210 1067 278 Lugd.
1093 210 1284 259 Batav.
1317 224 1338 258 1
1354 208 1483 279 651.

473 308 492 339 1
509 291 536 338 6
549 291 576 341 6
593 307 636 339 1.
668 308 687 339 1
703 290 731 339 6
744 292 771 340 8
785 308 830 338 2.

385 372 443 422 In
468 367 540 433 4⁰
560 371 605 420 T
603 371 855 438 ragoedz'ae
874 387 900 419 a
921 368 1347 436 Casp.Schrode10‚
1364 371 1482 421 Del-

450 452 566 518 phis
598 466 616 498 Ι
630 467 661 515 7
674 467 698 498 2
712 451 758 499 8.

384 530 440 581 In
465 529 544 577 fol.
571 529 730 598 Opera
751 530 928 579 Philas.
953 546 979 577 a
1000 521 1140 579 'Iusto
1163 527 1318 595 Lipsio
1335 565 1348 588 ,
1372 528 1479 578 An·

460 619 611 677 tuezp.
638 609 789 658 Plant.
824 625 844 658 1
860 609 923 676 65
941 624 987 658 2.

777 729 1084 779 Pmaomus.

459 850 598 898 Titus
637 848 881 899 Petronius
919 850 1105 899 Arbiter
1125 887 1136 909 ,
1175 847 1479 908 Massiliensis,

380 946 442 977 ex
467 929 739 978 nobilissima
764 929 1139 979 Petronianorum
1160 927 1330 976 familia
1349 928 1480 994 origi-

382 1024 489 1056 nem
511 1008 661 1056 duxit.
687 1010 732 1056 Is
756 1008 953 1057 Neronis
978 1022 1023 1056 et
1042 1007 1288 1068 Quiritum
1313 1024 1382 1054 res
1403 1008 1479 1054 ob-

378 1103 554 1145 scenas,
578 1102 734 1151 turpes
758 1086 990 1147 libidines,
1022 1101 1068 1135 et
1091 1086 1288 1134 facinora
1310 1085 1479 1134 incesta

379 1165 610 1230 descripsit
633 1180 743 1215 noto
768 1166 988 1233 Satyrico.
1029 1165 1161 1215 Cum
1184 1177 1341 1213 autem
1363 1181 1480 1229 opus

379 1262 516 1293 suum
530 1282 542 1303 ‚
564 1246 692 1311 quod
712 1246 848 1293 rebus
869 1244 1038 1309 spurcis
1064 1258 1110 1293 et
1134 1243 1326 1292 nimium
1350 1243 1478 1292 lasci-

377 1324 442 1373 vis
462 1324 683 1373 refertum
705 1339 818 1373 esset
843 1338 1012 1383 totum,
1031 1323 1185 1388 plures
1201 1323 1480 1387 improbatu-

375 1421 447 1451 ros
472 1403 782 1467 praeviderem
820 1402 1002 1469 ingenio
1029 1401 1309 1468 sagacissimo
1333 1400 1477 1450 male-

377 1481 589 1530 volorum
613 1481 779 1530 iudicia
803 1481 870 1531 his
893 1481 1096 1531 versibus
1120 1479 1278 1530 elusit:

377 1602 507 1664 Quid
520 1621 585 1651 me
603 1603 851 1651 constricta
862 1603 1085 1672 spectatis
1087 1598 1252 1668 fronte
1263 1601 1478 1661 Catones,

378 1683 727 1746 Damnatz‘sque
752 1700 876 1731 meae
903 1681 1219 1750 simplicitatis
1238 1684 1381 1750 opus?

377 1761 603 1809 Sermonis
616 1762 738 1829 puri
759 1779 839 1809 non
864 1761 1023 1809 tristis
1035 1761 1211 1826 gratia
1235 1760 1392 1807 ridet.-

376 1840 582 1905 Quodque
580 1837 710 1906 facit
717 1841 925 1910 populus,
939 1839 1139 1887 candida
1153 1838 1307 1903 lingua
1321 1833 1478 1902 rcfrrt’.

375 1959 457 2009 De
500 1960 704 2009 dictionis
745 1960 976 2027 elegantia
1010 1977 1146 2008 nemo
1188 1972 1480 2006 summorum

375 2038 657 2089 criticorum
693 2039 891 2089 dubitat.
934 2038 1193 2106 Legendus
1217 2050 1373 2086 tamen
1397 2048 1479 2094 est,

372 2132 530 2167 monet
567 2118 716 2168 Olaus
758 2119 1044 2178 Borrkhius,
1083 2130 1203 2166 casta
1241 2129 1396 2164 mente
1431 2128 1479 2164 et

374 2216 484 2248 cum
502 2201 686 2249 horrore
703 2198 1035 2249 obscoenitatis.
1052 2199 1297 2264 Integrum
1315 2191 1477 2261 Satyri-
