1699 2620
432 143 659 194 SAECULI
684 144 738 194 P.
767 146 941 202 0111.
1150 176 1258 230 109

532 264 882 320 LAMPRIDIUS.

228 381 453 432 Eiusdem
486 386 643 437 aetatis
668 402 735 438 est
758 390 927 441 Aelius
947 396 1260 468 Lampridius,

151 460 230 510 cui
254 462 580 515 adiudicantur
604 467 725 518 vitae
749 470 1002 524 Commodi
1019 480 1259 547 Antonini,

148 542 374 591 Antonini
388 543 706 608 Diadumeni,
731 550 952 603 Antonini
974 559 1260 629 Heliogaba-

147 620 208 681 li,
234 636 281 671 et
299 622 556 673 Alexandri
586 629 760 677 Severi.
785 633 980 685 Exstant
1015 637 1131 690 Inter
1164 644 1257 692 Hi-

145 714 248 751 stor.
270 703 484 770 August.
511 706 776 773 Scriptores.
799 730 843 762 v.
866 709 923 784 5.
950 718 1042 768 XI.
1066 737 1117 783 4.

534 827 862 884 VULCATms.

224 942 483 994 Vulcatius
521 947 816 1013 Gallicanus,
858 955 928 1005 vir
961 958 1255 1027 clarissimus,

143 1022 192 1070 h.
216 1039 256 1069 e.
277 1024 524 1074 senatoriae
541 1027 773 1094 dignitatis
797 1031 907 1102 (hos
931 1039 1053 1087 enim
1075 1043 1256 1093 Claris-

145 1102 280 1148 sz'mos
300 1103 658 1167 appellaverunt
676 1111 904 1182 Romani)
929 1118 1116 1184 scripsit,
1133 1125 1254 1174 Vos-

143 1179 207 1227 sio
234 1194 280 1228 et
302 1182 490 1250 Sigonio
511 1186 728 1250 testibus,
750 1191 891 1242 vitam
909 1198 1068 1247 Avidii
1089 1201 1250 1264 Cassii,

139 1278 282 1325 quam
301 1261 535 1314 Fabritius
570 1269 735 1318 tribuit
766 1273 1019 1336 Spartiano.
1056 1281 1251 1332 Exstant

139 1338 250 1389 inter
275 1341 523 1408 Scriptores
545 1346 668 1396 Hist.
693 1351 902 1420 August.
928 1373 974 1405 v.
999 1352 1053 1427 ยง.
1080 1361 1173 1411 XI.
1196 1380 1248 1425 4.

587 1467 801 1520 PoLLro.

214 1582 477 1633 Trebellius
501 1586 652 1638 Pollio
674 1591 834 1641 iisdem
860 1598 1145 1661 temporibus
1164 1604 1249 1653 Hi-

135 1661 315 1710 storiam
348 1665 622 1731 Augustam
655 1673 929 1738 conscripsit.
964 1678 1156 1729 Exstant
1188 1686 1248 1733 ab

135 1759 190 1789 eo
215 1740 427 1807 descripti
453 1746 691 1797 Valeriani
715 1766 846 1816 pater
871 1769 918 1803 et
950 1756 1093 1817 filius,
1121 1762 1243 1811 Gal-

134 1819 241 1869 lieni
266 1821 365 1870 duo
381 1861 393 1881 ,
423 1824 542 1873 Div.
565 1828 770 1890 Claud,
797 1847 843 1881 et
880 1852 996 1884 XXX
1018 1839 1242 1905 Tyranni.

136 1917 181 1950 v.
203 1900 377 1952 Histor.
398 1904 609 1974 August.
637 1910 888 1977 Scriptores
911 1909 965 1987 ยง.
991 1918 1083 1967 XI.
1105 1937 1155 1982 4.

553 2030 832 2083 VoPIScus.

229 2141 426 2195 Flavius
464 2149 723 2214 Vopiscus,
760 2155 1060 2223 Syracusius,
1101 2161 1244 2227 Ulpia

134 2221 417 2278 bibliotheca
438 2245 573 2292 usus,
599 2230 713 2283 vitas
728 2235 1069 2300 Imperatorum
1088 2240 1243 2292 Aure-

912 2332 948 2364 K
977 2333 1002 2366 2
