1699 2620
473 129 694 183 SAEcun
719 133 772 185 P.
795 133 855 188 C.
879 140 972 191 ΠΙ.
1177 164 1201 198 1
1217 171 1288 219 07

177 204 468 257 Callistrato
507 212 656 270 ICto,
685 216 820 286 1,ρω.
857 236 1018 285 1742.
1041 222 1144 289 4⁰,
1183 235 1291 281 scri-

173 284 263 349 psit
288 287 600 354 Cognitionum
626 295 766 344 libros
792 299 852 348 V
843 301 881 348 I
880 307 1066 353 ...-.Ad
1084 309 1282 360 edictum

174 367 458 416 monitorium
481 371 542 418 V
533 373 571 419 I
571 410 672 424 .-...
688 376 1040 437 Institutionum
1079 387 1116 434 I
1116 389 1151 435 I
1148 389 1187 436 I
1185 429 1194 437 .
1206 429 1288 443 -..

174 445 259 494 De
297 446 398 495 iure
406 450 530 517 fisci
547 452 582 499 I
583 455 726 505 V-
738 459 1068 520 Quaestionum
1102 468 1179 516 lib.
1202 470 1286 522 H.

172 521 454 590 Fragmenta
476 544 653 581 exstant
672 534 718 582 in
739 537 995 591 Pandectis.

249 604 494 657 mems
513 611 739 676 Rufinus,
760 620 845 684 qui
871 621 985 672 vixit
1009 628 1096 676 sub
1121 630 1280 696 Impe-

167 683 396 734 ratoribus
422 687 663 742 Caracalla
682 734 694 754 ,
719 698 862 748 Alex.
882 702 1078 766 SeverO‚
1103 722 1151 757 et
1173 710 1279 761 De-

168 761 260 823 cio,
286 765 456 831 scripsit
489 769 624 820 libros
660 775 780 825 XII.
804 781 1097 848 Regularum
1117 826 1129 846 ,
1149 808 1278 856 quo·
1331 854 1335 858 ι

164 859 274 891 rum
298 846 524 897 habemus
549 850 807 920 fragmenta
831 858 877 907 in
898 862 1156 916 Pandectis.

243 926 504 978 Amin-ms
526 932 714 994 Macer,
738 937 945 990 diversus
966 946 1024 993 ab
1044 946 1276 1014 historico,

162 1004 404 1070 poetisque
442 1007 650 1060 eiusdem
694 1018 908 1078 nominis,
935 1024 1107 1088 scripsit
1131 1030 1276 1079 Milz·-

161 1085 338 1132 tarium
358 1086 500 1136 libros
511 1089 547 1136 I
546 1091 584 1137 I
583 1097 762 1143 ..-.De
782 1092 1172 1167 appellationibus
1190 1111 1229 1157 I
1226 1112 1274 1161 I.

161 1165 335 1212 -De
360 1166 494 1234 qffi'cio
504 1175 754 1236 praesidis
789 1178 827 1224 I
826 1180 863 1225 J
863 1184 1056 1231 ...-De
1068 1189 1274 1254 publicis

157 1240 344 1292 iudiciis
368 1245 441 1293 II
441 1251 610 1298 .-αιί
633 1254 694 1300 L.
711 1257 976 1308 vicesimam
996 1264 1271 1317 haeredita-

157 1330 254 1369 tum
280 1323 360 1371 H.
386 1324 666 1394 Fragmenta
692 1332 918 1400 leguntur
944 1340 989 1387 in
1013 1342 1268 1397 Pandectis.

235 1403 502 1455 AURELms
522 1410 750 1462 Arcadius
769 1414 1029 1480 CharisiUS‚
1054 1425 1270 1490 magister

154 1477 445 1545 libellorum,
467 1491 641 1554 scripsit
666 1494 722 1542 de
747 1500 1007 1548 muneribus
1032 1503 1265 1555 civilibus.

154 1564 329 1612 —De
349 1565 1088 1643 qffi'cz'opraqfectipraetorio.....
1102 1586 1184 1632 De
1200 1598 1265 1635 te-

152 1642 317 1690 stibus.
344 1645 539 1695 Exstant
563 1649 819 1717 fragmenta
842 1655 887 1703 in
911 1658 1166 1711 Pandectis.

213 1722 698 1789 HERMOGENIANus‚
721 1732 926 1784 diversus
947 1738 1183 1807 plerisque
1202 1747 1264 1795 ab

149 1814 340 1850 auctore
363 1803 549 1854 Codicis
578 1811 967 1879 Hermogeniani,
994 1818 1039 1865 in
1074 1839 1169 1886 quo
1191 1824 1259 1873 le-

147 1896 230 1945 ges
247 1881 468 1933 collectae
489 1902 599 1935 sunt
619 1908 642 1937 a
664 1891 874 1941 Claudio
894 1913 1048 1962 usque
1065 1901 1124 1948 ad
1141 1903 1260 1952 Dio-

147 1958 425 2023 cletianum,
455 1965 628 2031 scripsit
649 1971 695 2020 E
686 1974 975 2040 pitomarum
1001 1978 1142 2029 libros
1161 1984 1258 2034 VI.

147 2041 697 2111 ...R‘deicommissqrum
714 2053 870 2118 libros.
888 2055 1167 2124 Fragmenta
1185 2081 1260 2112 ex-

144 2131 264 2168 stant
284 2119 329 2167 in
351 2121 603 2175 Pandectis.
675 2128 680 2131 ’

221 2200 429 2252 Nomina
464 2204 698 2258 ICtorum
717 2249 731 2272 ‚
773 2231 976 2280 quorum
1004 2236 1089 2268 nec
1131 2219 1260 2291 frag·

983 2314 1024 2348 R
