1683 2604
440 175 460 211 1
476 160 547 209 08
670 147 722 224 5.
745 147 820 200 X.
845 147 1049 199 ScmP-r.
1073 144 1289 192 PRAEST.

426 252 581 292 menta
596 233 789 301 quidem
810 236 1059 293 supersunt
1076 223 1122 272 in
1142 219 1250 270 iuris
1270 215 1411 267 civilis
1430 215 1529 266 the-

428 335 563 370 sauro
580 310 860 364 Iustinianeo
873 346 885 367 ,
906 304 1159 354 laudantur
1179 300 1224 348 in
1244 297 1530 348 Bibliotheca

429 395 630 451 Iuridica
668 382 1148 456 Lipenio-Ienichiana
1159 417 1174 440 ‚
1197 378 1295 427 Tit.
1329 373 1531 428 Historia

431 475 550 529 Iuris
575 471 738 526 Civilis
762 485 868 536 pag.
897 480 1022 530 243.

810 589 1153 639 SPARTIANUS.

512 714 676 767 Aelius
701 707 990 777 Spartianus,
1027 715 1221 768 magnae
1254 696 1537 747 auctoritatis

434 797 527 855 vit,
550 810 597 845 et
614 789 912 843 Diocletiano
933 781 1205 839 carissimus,
1228 777 1342 826 vitas
1366 775 1536 840 scripsit

436 872 683 932 Hadriani,
708 868 831 921 Aelii
851 865 993 924 Veri,
1017 859 1153 912 Didii
1174 855 1367 914 Iuliani,
1392 856 1537 905 Seve-

435 956 497 1014 ri,
522 950 724 1002 Pescenii
743 945 908 1015 Nigri,
930 938 1155 994 Antonini
1179 933 1469 993 Caracallae,
1492 945 1540 981 et

438 1030 660 1084 Antonini
675 1031 871 1085 Gaetae,
891 1040 1005 1090 quas
1028 1014 1379 1085 exquisitissimis
1397 1030 1541 1062 anno-

440 1111 686 1160 tationibus
723 1106 1015 1155 illustrarunt
1037 1097 1345 1148 Casaubonus
1369 1106 1416 1140 et
1439 1090 1541 1140 Sal-

440 1189 619 1239 masius.
641 1189 831 1235 Exstant
851 1183 968 1232 inter
986 1177 1162 1233 Histor.
1188 1174 1396 1239 August.
1422 1168 1542 1222 Scri-

441 1284 606 1337 ptores.
627 1284 674 1316 v.
693 1260 745 1336 §.
765 1263 860 1314 XI.
883 1277 933 1324 4.

797 1382 1177 1434 CAPIToLINus.

523 1505 648 1558 Iulio
679 1501 947 1568 Capitolino
985 1496 1194 1547 omnium
1219 1506 1434 1541 consensu
1463 1488 1545 1537 tri·

446 1589 658 1636 buuntur
714 1582 837 1633 vitae
892 1581 1097 1629 duorum
1152 1571 1514 1623 Maximinorum
1531 1604 1545 1627 ,

447 1667 587 1716 trium
623 1662 998 1718 Gordianorum,
1033 1651 1228 1706 Maximi
1266 1665 1312 1699 et
1351 1646 1548 1706 Balbini,

448 1762 623 1794 necnon
643 1740 864 1791 Antonini
893 1739 988 1797 Pii,
1025 1731 1246 1785 Antonini
1265 1725 1546 1791 Philosophi,

451 1824 590 1883 Veri,
613 1821 772 1872 Clodii
795 1818 982 1876 Albini,
1006 1829 1054 1864 et
1073 1811 1216 1878 Opilii
1230 1807 1420 1859 Macrini
1444 1804 1549 1853 nul-

450 1905 494 1952 la
519 1903 764 1960 methodo,
788 1898 923 1947 nullo
943 1895 1102 1945 ordine
1127 1888 1420 1953 conscriptae.
1457 1885 1550 1934 Ca-

448 1984 680 2031 saubonus
704 1994 751 2028 et
772 1976 1016 2028 Salmasius
1040 1992 1113 2022 eas
1135 1971 1436 2019 illustrarunt.
1456 1965 1549 2012 Ex·

450 2075 567 2110 stant
592 2060 708 2110 inter
724 2058 896 2109 Histor.
918 2056 1125 2122 August.
1144 2049 1402 2118 Scriptores.
1425 2062 1470 2096 v.
1491 2036 1547 2114 5.

454 2141 546 2192 XI.
575 2156 624 2204 4.
