1683 2604
407 155 476 212 54
652 138 706 212 §-
722 142 789 192 X.
813 142 1014 193 ScRn’T.
1033 142 1248 191 PRAEST.

402 222 630 272 iudicium
654 222 932 288 plerumque
953 240 1052 271 acre
1067 260 1078 280 ‚
1109 221 1248 269 dictio
1267 218 1499 281 floridula,

403 302 482 351 sed
502 300 749 367 aliquando
774 301 908 350 velut
931 299 1085 348 hiulca
1100 338 1111 359 ‚
1147 298 1416 366 inaequalis,
1450 313 1496 348 et

406 379 718 429 duriuscula.”
744 371 1016 428 Prddierunt
1038 378 1238 445 primum
1256 381 1495 447 Argonau-

406 458 497 509 tica
520 461 692 509 Bonon.
724 475 884 524 1474.
906 458 987 507 fol.

563 606 840 638 EDITIONES
873 604 1336 639 PRAESTANTIORES.

409 702 466 752 In
488 698 557 751 8?
578 719 604 750 a
623 702 873 766 Lamperto
896 700 1086 761 Alard0,
1111 701 1246 769 szvs.
1280 716 1299 748 1
1315 698 1441 763 630.

410 783 688 831 -Pataw
713 781 897 830 Comin.
928 797 944 828 1
960 797 1026 844 72
1041 799 1087 828 0.

411 861 469 913 In
495 858 567 922 4.⁰
591 879 615 908 a
645 862 783 910 Petro
806 862 1071 910 Burmanno
1087 897 1102 920 ‚
1130 859 1288 926 Lugd.
1313 859 1506 908 Batav.

499 955 659 1005 1724.

726 1062 900 1111 S1L1us
933 1061 1193 1110 ITAmcus.

512 1179 573 1229 C.
618 1178 755 1231 Silius
792 1197 850 1228 ex
887 1179 1076 1245 antiqua
1121 1177 1337 1228 Siliorum
1372 1188 1512 1243 gente

419 1257 643 1307 oriundus
662 1298 673 1318 ,
711 1258 899 1307 Italicus
938 1258 1284 1324 cognominatur
1325 1256 1417 1304 sive
1455 1257 1513 1303 ab

421 1337 603 1397 Italica,
644 1337 892 1401 Hispaniae
933 1337 1145 1385 Baeticae
1188 1337 1327 1394 urbe,
1366 1334 1458 1383 sive
1488 1352 1515 1382 a

424 1416 650 1475 Corfinio,
677 1434 797 1482 quae
823 1414 1006 1465 Socialis
1045 1414 1155 1462 belli
1196 1428 1402 1477 tempore
1431 1430 1513 1461 ve-

423 1494 497 1544 lut
519 1496 679 1545 Italiae
698 1509 840 1560 caput
858 1534 869 1555 ‚
886 1494 1044 1543 Italica
1064 1492 1402 1542 nominabatur:
1423 1510 1517 1558 qua

424 1574 483 1622 de
500 1592 546 1623 re
563 1575 873 1642 digladiantur
893 1577 1007 1622 inter
1028 1592 1073 1622 se
1091 1572 1252 1622 Critici
1270 1585 1445 1621 veteres
1469 1583 1516 1619 et

422 1655 707 1704 recentiores.
733 1654 790 1703 Id
816 1668 970 1703 autem
995 1671 1078 1717 pro
1099 1667 1223 1701 certo
1239 1652 1410 1699 habent
1426 1667 1520 1699 om-

424 1750 503 1782 nes
524 1772 535 1792 ‚
557 1733 721 1783 Silium
743 1733 879 1782 fuisse
903 1734 1094 1781 Po'etam
1122 1730 1438 1788 clarissimum,
1467 1746 1518 1777 ac

425 1811 472 1862 in
504 1812 603 1861 foro
626 1812 1062 1879 eloquentissimum.
1101 1812 1270 1859 Aetate
1301 1808 1391 1856 iam
1414 1826 1519 1872 pro-

426 1906 588 1940 vectus
620 1891 848 1956 descripsit
877 1891 1055 1940 bellum
1091 1888 1321 1938 Punicum
1359 1905 1522 1935 secun-

427 1969 544 2017 dum
562 1972 779 2019 Poemate
800 1971 996 2019 heroico:
1016 1968 1146 2036 quod
1162 1967 1339 2034 legisse,
1359 1983 1525 2033 magna

428 2066 529 2113 pars
553 2050 766 2114 politioris
796 2048 1164 2115 humaniorisque
1189 2045 1418 2094 doctrinae
1444 2058 1523 2104 est,

430 2127 579 2195 inquit
596 2129 955 2194 Christophorus
972 2127 1220 2178 Cellarius.
1237 2124 1412 2175 Prodiit
1434 2122 1526 2190 pri-

430 2223 562 2258 mum
585 2211 762 2260 Romae
795 2224 813 2256 1
827 2224 898 2274 47
912 2225 954 2257 1.
975 2207 1056 2257 fol.
