1699 2620
437 147 668 197 SAEcun
694 144 751 196 P.
776 144 838 196 C.
866 145 960 198 IV.
1147 160 1168 196 1
1188 161 1208 196 1
1226 161 1252 200 Ι

457 269 612 318 ΣΑΕς.
649 269 712 319 P.
740 268 796 319 C.
832 268 935 319 IV

218 388 499 445 RHEMNIUS
519 390 751 451 Fannius,
774 392 942 450 Poe'ta,
966 390 1160 441 Arnobii
1180 393 1251 442 di-

139 472 374 539 scipulus,
415 473 499 540 qui
536 491 560 521 a
585 471 821 521 nonnullis
861 489 1103 536 perperam
1145 491 1254 524 cum

138 553 421 603 Palaemone
465 552 767 602 confunditur
790 592 801 612 ,
843 551 1016 617 scripsit
1074 571 1255 604 carmen

141 633 328 702 elegans
346 634 402 683 de
423 635 790 690 medicinalibus,
813 648 858 681 et
880 633 938 682 ad
957 634 1255 683 Lactantium

141 713 434 765 Firmianum
454 714 597 774 misit,
617 728 731 763 teste
756 715 870 764 Ger.
895 715 1051 763 Ioann.
1072 714 1256 764 Vossio.

140 794 338 844 Editum
367 810 434 846 est
472 795 589 843 inter
614 794 834 843 Medicae
874 795 978 844 artis
1014 794 1262 860 principes,

140 875 271 940 apud
304 875 419 925 Ald.
447 889 492 925 et
525 876 687 940 Steph.
716 894 761 924 v.
786 869 838 945 §.
870 876 965 925 XI.
998 892 1047 938 4.
1084 875 1260 924 Prodiit

140 956 281 1004 etiam
308 956 490 1005 seorsim
507 995 518 1015 ,
543 973 656 1004 cum
695 955 839 1005 Celso
863 969 909 1004 et
934 957 1128 1015 Sereno,
1155 958 1260 1005 Pa-

138 1038 226 1085 ris.
246 1036 363 1085 notis
402 1036 537 1084 Eliae
562 1034 724 1085 Vineti
763 1035 933 1083 illustr.
981 1035 1145 1103 1565.
1174 1032 1257 1095 8.⁰‚

139 1130 187 1165 et
228 1117 389 1186 Lugd.
439 1134 551 1165 cum
595 1113 714 1186 notis
764 1116 888 1165 Rob.
932 1115 1226 1166 Constantini
1247 1156 1261 1176 ,

146 1192 414 1266 1566.89

217 1278 273 1327 P.
299 1280 643 1328 OPTATIANUS
665 1277 967 1346 Porphyrius,
994 1279 1258 1345 Panegyri-

137 1377 236 1408 cum
265 1359 323 1408 ad
341 1358 701 1409 Constantinum
721 1360 796 1407 M.
824 1357 1020 1406 carmine
1044 1359 1154 1407 varii
1176 1377 1260 1426 ge-

139 1439 256 1488 neris
281 1438 477 1504 scripsit,
498 1457 596 1505 quo
622 1437 792 1486 meruit
825 1440 882 1486 ab
907 1437 1043 1487 exilio
1068 1456 1259 1488 revoca-

139 1519 192 1569 ri.
217 1522 332 1569 Non
353 1519 714 1568 confundendus
739 1536 848 1567 cum
868 1518 1127 1587 Porphyrio
1147 1519 1259 1568 Phi-

139 1599 360 1664 losopho,
385 1600 603 1649 acerrimo
625 1599 816 1647 nominis
834 1598 1087 1648 Christiani
1114 1601 1260 1649 hoste.

140 1680 320 1729 Prodiit
343 1682 601 1748 Augustae
626 1680 855 1729 Vindelic.
891 1693 908 1726 1
930 1692 994 1746 59
1010 1692 1054 1746 ς.
1080 1677 1160 1726 fol.
1178 1718 1192 1738 ,
1213 1696 1260 1729 et

141 1761 448 1829 Norimherg.
498 1759 685 1811 Velseri
727 1759 947 1825 operibus
996 1758 1231 1808 adiectum
1248 1797 1263 1822 ‚

149 1856 172 1890 1
188 1841 216 1890 6
229 1842 256 1892 8
270 1858 317 1890 2.
341 1840 422 1889 fol.

545 1924 883 1974 SYMMACHus

225 2003 295 2064 Q.
320 2003 518 2054 AUREL.
545 2005 854 2072 Symmachus
875 2043 887 2063 ,
925 2021 1134 2052 summae
1176 2022 1261 2053 au-

143 2083 363 2133 ctoritatis
388 2085 581 2144 Orator,
621 2102 851 2152 paganam
890 2083 1262 2148 superstitionem

145 2182 329 2213 summa
351 2164 639 2213 contentione
665 2164 802 2213 animi
826 2162 1060 2222 defendit,
1088 2177 1194 2211 tum
1219 2163 1264 2212 in

144 2258 334 2306 senatu,
358 2259 465 2295 tum
496 2243 633 2295 literis
672 2244 731 2294 ad
765 2242 1160 2298 Valentinianum
1193 2244 1261 2294 Π.
