<?xml version="1.0" encoding="UTF-8"?>
<!DOCTYPE html PUBLIC "-//W3C//DTD XHTML 1.0 Transitional//EN"
    "http://www.w3.org/TR/xhtml1/DTD/xhtml1-transitional.dtd">
<html xmlns="http://www.w3.org/1999/xhtml" xml:lang="en" lang="en">
 <head>
  <title>
</title>
<meta http-equiv="Content-Type" content="text/html;charset=utf-8" />
  <meta name='ocr-system' content='tesseract 3.04.00' />
  <meta name='ocr-capabilities' content='ocr_page ocr_carea ocr_par ocr_line ocrx_word'/>
</head>
<body>
  <div class='ocr_page' id='page_1' title='image "./compediariainlat00gonzuoft_0082.png"; bbox 0 0 1731 2588; ppageno 0'>
   <div class='ocr_carea' id='block_1_1' title="bbox 416 118 1516 661">
    <p class='ocr_par' dir='ltr' id='par_1_1' title="bbox 423 118 1266 193">
     <span class='ocr_line' id='line_1_1' title="bbox 423 118 1266 193; baseline -0.001 -21"><span class='ocrx_word' id='word_1_1' title='bbox 423 141 487 190; x_wconf 84' lang='lat'>32</span> <span class='ocrx_word' id='word_1_2' title='bbox 659 118 711 193; x_wconf 72' lang='lat'>§.</span> <span class='ocrx_word' id='word_1_3' title='bbox 735 125 800 173; x_wconf 87' lang='lat' dir='ltr'>X.</span> <span class='ocrx_word' id='word_1_4' title='bbox 828 125 1028 174; x_wconf 78' lang='lat' dir='ltr'>SCRIPT.</span> <span class='ocrx_word' id='word_1_5' title='bbox 1056 126 1266 174; x_wconf 74' lang='lat' dir='ltr'>PRAEST.</span> 
     </span>
    </p>

    <p class='ocr_par' dir='ltr' id='par_1_2' title="bbox 416 202 1504 269">
     <span class='ocr_line' id='line_1_2' title="bbox 416 202 1504 269; baseline 0 -18"><span class='ocrx_word' id='word_1_6' title='bbox 416 216 533 252; x_wconf 85' lang='lat' dir='ltr'>sunt.</span> <span class='ocrx_word' id='word_1_7' title='bbox 575 202 785 251; x_wconf 89' lang='lat' dir='ltr'>Scholam</span> <span class='ocrx_word' id='word_1_8' title='bbox 818 217 1005 267; x_wconf 88' lang='lat' dir='ltr'>repente</span> <span class='ocrx_word' id='word_1_9' title='bbox 1041 203 1226 262; x_wconf 77' lang='lat' dir='ltr'><strong>dimisit,</strong></span> <span class='ocrx_word' id='word_1_10' title='bbox 1266 211 1408 269; x_wconf 81' lang='lat' dir='ltr'>atque</span> <span class='ocrx_word' id='word_1_11' title='bbox 1445 204 1504 252; x_wconf 88' lang='lat' dir='ltr'>ad</span> 
     </span>
    </p>

    <p class='ocr_par' dir='ltr' id='par_1_3' title="bbox 417 280 1505 424">
     <span class='ocr_line' id='line_1_3' title="bbox 417 280 1502 346; baseline -0.001 -16"><span class='ocrx_word' id='word_1_12' title='bbox 417 295 581 330; x_wconf 75' lang='lat' dir='ltr'>sectam</span> <span class='ocrx_word' id='word_1_13' title='bbox 616 281 784 330; x_wconf 84' lang='lat' dir='ltr'>transiit</span> <span class='ocrx_word' id='word_1_14' title='bbox 807 280 982 342; x_wconf 86' lang='lat' dir='ltr'>Quinti</span> <span class='ocrx_word' id='word_1_15' title='bbox 1007 281 1199 346; x_wconf 85' lang='lat' dir='ltr'>Septimi</span> <span class='ocrx_word' id='word_1_16' title='bbox 1223 281 1502 346; x_wconf 80' lang='lat' dir='ltr'>Philosophi.</span> 
     </span>
     <span class='ocr_line' id='line_1_4' title="bbox 496 359 1505 424; baseline -0.002 -15"><span class='ocrx_word' id='word_1_17' title='bbox 496 361 798 410; x_wconf 68' lang='lat' dir='ltr'>Scmssomus</span> <span class='ocrx_word' id='word_1_18' title='bbox 821 359 1144 424; x_wconf 82' lang='lat' dir='ltr'>Aphrodisius,</span> <span class='ocrx_word' id='word_1_19' title='bbox 1169 360 1334 408; x_wconf 85' lang='lat' dir='ltr'>Orbilii</span> <span class='ocrx_word' id='word_1_20' title='bbox 1353 378 1505 409; x_wconf 82' lang='lat' dir='ltr'>servus</span> 
     </span>
    </p>

    <p class='ocr_par' dir='ltr' id='par_1_4' title="bbox 420 438 1516 504">
     <span class='ocr_line' id='line_1_5' title="bbox 420 438 1516 504; baseline -0.001 -18"><span class='ocrx_word' id='word_1_21' title='bbox 420 452 465 487; x_wconf 88' lang='lat' dir='ltr'>et</span> <span class='ocrx_word' id='word_1_22' title='bbox 486 438 758 503; x_wconf 84' lang='lat' dir='ltr'>discipulus,</span> <span class='ocrx_word' id='word_1_23' title='bbox 799 439 985 498; x_wconf 87' lang='lat' dir='ltr'>eodem,</span> <span class='ocrx_word' id='word_1_24' title='bbox 1020 458 1115 504; x_wconf 88' lang='lat' dir='ltr'>quo</span> <span class='ocrx_word' id='word_1_25' title='bbox 1140 438 1358 498; x_wconf 85' lang='lat' dir='ltr'>Verrius,</span> <span class='ocrx_word' id='word_1_26' title='bbox 1389 445 1516 487; x_wconf 52' lang='lat' dir='ltr'>tem?</span> 
     </span>
    </p>

    <p class='ocr_par' dir='ltr' id='par_1_5' title="bbox 418 517 1507 585">
     <span class='ocr_line' id='line_1_6' title="bbox 418 517 1507 585; baseline 0.001 -21"><span class='ocrx_word' id='word_1_27' title='bbox 418 536 527 582; x_wconf 86' lang='lat' dir='ltr'>pore</span> <span class='ocrx_word' id='word_1_28' title='bbox 547 517 716 577; x_wconf 85' lang='lat' dir='ltr'>docuit,</span> <span class='ocrx_word' id='word_1_29' title='bbox 738 518 927 585; x_wconf 86' lang='lat' dir='ltr'>eiusque</span> <span class='ocrx_word' id='word_1_30' title='bbox 944 519 1079 567; x_wconf 81' lang='lat' dir='ltr'>libros</span> <span class='ocrx_word' id='word_1_31' title='bbox 1095 518 1151 567; x_wconf 90' lang='lat' dir='ltr'>de</span> <span class='ocrx_word' id='word_1_32' title='bbox 1169 517 1507 584; x_wconf 82' lang='lat' dir='ltr'>Orthographia</span> 
     </span>
    </p>

    <p class='ocr_par' dir='ltr' id='par_1_6' title="bbox 418 596 1171 661">
     <span class='ocr_line' id='line_1_7' title="bbox 418 596 1171 661; baseline -0.001 -16"><span class='ocrx_word' id='word_1_33' title='bbox 418 596 650 661; x_wconf 75' lang='lat' dir='ltr'><strong>rescripsit.</strong></span> <span class='ocrx_word' id='word_1_34' title='bbox 1167 607 1171 610; x_wconf 75' lang='grc'><em>’</em></span> 
     </span>
    </p>
   </div>
   <div class='ocr_carea' id='block_1_2' title="bbox 677 718 1243 767">
    <p class='ocr_par' dir='ltr' id='par_1_7' title="bbox 677 718 1243 767">
     <span class='ocr_line' id='line_1_8' title="bbox 677 718 1243 767; baseline -0.004 -1"><span class='ocrx_word' id='word_1_35' title='bbox 677 719 749 766; x_wconf 89' lang='grc' dir='ltr'>Μ.</span> <span class='ocrx_word' id='word_1_36' title='bbox 776 719 1005 767; x_wconf 58' lang='lat' dir='ltr'>Turnus</span> <span class='ocrx_word' id='word_1_37' title='bbox 1031 718 1243 766; x_wconf 81' lang='lat' dir='ltr'>CICERO.</span> 
     </span>
    </p>
   </div>
   <div class='ocr_carea' id='block_1_3' title="bbox 423 833 1532 2239">
    <p class='ocr_par' dir='ltr' id='par_1_8' title="bbox 423 833 1532 2239">
     <span class='ocr_line' id='line_1_9' title="bbox 501 833 1512 901; baseline -0.002 -17"><span class='ocrx_word' id='word_1_38' title='bbox 501 837 638 884; x_wconf 87' lang='lat' dir='ltr'>Anno</span> <span class='ocrx_word' id='word_1_39' title='bbox 655 836 793 885; x_wconf 88' lang='lat' dir='ltr'><strong>V.C.</strong></span> <span class='ocrx_word' id='word_1_40' title='bbox 816 853 1055 886; x_wconf 78' lang='lat' dir='ltr'><strong>DCXLvn.</strong></span> <span class='ocrx_word' id='word_1_41' title='bbox 1078 849 1208 884; x_wconf 83' lang='lat' dir='ltr'>natus</span> <span class='ocrx_word' id='word_1_42' title='bbox 1243 846 1308 884; x_wconf 89' lang='lat' dir='ltr'>est</span> <span class='ocrx_word' id='word_1_43' title='bbox 1337 833 1380 882; x_wconf 91' lang='lat' dir='ltr'>in</span> <span class='ocrx_word' id='word_1_44' title='bbox 1402 851 1512 901; x_wconf 85' lang='lat' dir='ltr'>agro</span> 
     </span>
     <span class='ocr_line' id='line_1_10' title="bbox 423 914 1514 978; baseline -0.002 -16"><span class='ocrx_word' id='word_1_45' title='bbox 423 914 644 978; x_wconf 77' lang='lat' dir='ltr'>Arpinate</span> <span class='ocrx_word' id='word_1_46' title='bbox 670 917 741 963; x_wconf 90' lang='lat' dir='ltr'>M.</span> <span class='ocrx_word' id='word_1_47' title='bbox 768 915 956 965; x_wconf 83' lang='lat' dir='ltr'>Tullius</span> <span class='ocrx_word' id='word_1_48' title='bbox 979 914 1156 963; x_wconf 84' lang='lat' dir='ltr'>Cicero.</span> <span class='ocrx_word' id='word_1_49' title='bbox 1204 914 1296 963; x_wconf 92' lang='lat' dir='ltr'>Hic</span> <span class='ocrx_word' id='word_1_50' title='bbox 1320 931 1345 961; x_wconf 88' lang='lat' dir='ltr'>a</span> <span class='ocrx_word' id='word_1_51' title='bbox 1369 932 1514 977; x_wconf 84' lang='lat' dir='ltr'>puero</span> 
     </span>
     <span class='ocr_line' id='line_1_11' title="bbox 425 991 1512 1059; baseline -0.002 -18"><span class='ocrx_word' id='word_1_52' title='bbox 425 993 652 1041; x_wconf 77' lang='lat' dir='ltr'>Graecam</span> <span class='ocrx_word' id='word_1_53' title='bbox 686 993 889 1059; x_wconf 77' lang='lat' dir='ltr'>linguam</span> <span class='ocrx_word' id='word_1_54' title='bbox 926 993 1096 1041; x_wconf 85' lang='lat' dir='ltr'>didicit.</span> <span class='ocrx_word' id='word_1_55' title='bbox 1123 991 1512 1041; x_wconf 84' lang='lat' dir='ltr'>Adolescentulus</span> 
     </span>
     <span class='ocr_line' id='line_1_12' title="bbox 426 1069 1514 1136; baseline -0.002 -18"><span class='ocrx_word' id='word_1_56' title='bbox 426 1071 750 1135; x_wconf 81' lang='lat' dir='ltr'>Xenophontis</span> <span class='ocrx_word' id='word_1_57' title='bbox 797 1072 1158 1120; x_wconf 83' lang='lat' dir='ltr'>Oeconomicum</span> <span class='ocrx_word' id='word_1_58' title='bbox 1201 1085 1341 1136; x_wconf 81' lang='lat' dir='ltr'>atque</span> <span class='ocrx_word' id='word_1_59' title='bbox 1381 1069 1514 1119; x_wconf 86' lang='lat' dir='ltr'>Arati</span> 
     </span>
     <span class='ocr_line' id='line_1_13' title="bbox 427 1149 1524 1198; baseline 0.002 -2"><span class='ocrx_word' id='word_1_60' title='bbox 427 1150 619 1197; x_wconf 83' lang='lat' dir='ltr'>carmina</span> <span class='ocrx_word' id='word_1_61' title='bbox 654 1150 697 1197; x_wconf 86' lang='lat' dir='ltr'>in</span> <span class='ocrx_word' id='word_1_62' title='bbox 739 1151 959 1198; x_wconf 81' lang='lat' dir='ltr'>Latinum</span> <span class='ocrx_word' id='word_1_63' title='bbox 997 1168 1248 1198; x_wconf 83' lang='lat' dir='ltr'>sermonem</span> <span class='ocrx_word' id='word_1_64' title='bbox 1274 1149 1524 1198; x_wconf 54' lang='lat' dir='ltr'>convenia&gt;</span> 
     </span>
     <span class='ocr_line' id='line_1_14' title="bbox 426 1228 1513 1295; baseline 0.001 -21"><span class='ocrx_word' id='word_1_65' title='bbox 426 1228 743 1292; x_wconf 76' lang='lat' dir='ltr'>Philosophiae</span> <span class='ocrx_word' id='word_1_66' title='bbox 783 1230 994 1295; x_wconf 81' lang='lat' dir='ltr'>magistro</span> <span class='ocrx_word' id='word_1_67' title='bbox 1014 1229 1205 1277; x_wconf 81' lang='lat' dir='ltr'>Philone</span> <span class='ocrx_word' id='word_1_68' title='bbox 1229 1246 1412 1292; x_wconf 83' lang='lat' dir='ltr'>operam</span> <span class='ocrx_word' id='word_1_69' title='bbox 1433 1228 1513 1275; x_wconf 89' lang='lat' dir='ltr'>de-</span> 
     </span>
     <span class='ocr_line' id='line_1_15' title="bbox 428 1306 1528 1374; baseline 0.001 -21"><span class='ocrx_word' id='word_1_70' title='bbox 428 1306 521 1359; x_wconf 90' lang='lat' dir='ltr'>dit·,</span> <span class='ocrx_word' id='word_1_71' title='bbox 565 1307 726 1355; x_wconf 85' lang='lat' dir='ltr'>deinde</span> <span class='ocrx_word' id='word_1_72' title='bbox 755 1308 961 1374; x_wconf 76' lang='lat' dir='ltr'>Legibus</span> <span class='ocrx_word' id='word_1_73' title='bbox 1000 1326 1051 1356; x_wconf 92' lang='lat' dir='ltr'>ac</span> <span class='ocrx_word' id='word_1_74' title='bbox 1087 1308 1296 1355; x_wconf 86' lang='lat' dir='ltr'>institutis</span> <span class='ocrx_word' id='word_1_75' title='bbox 1341 1307 1528 1370; x_wconf 76' lang='lat' dir='ltr'>patriae</span> 
     </span>
     <span class='ocr_line' id='line_1_16' title="bbox 428 1385 1518 1450; baseline 0.001 -19"><span class='ocrx_word' id='word_1_76' title='bbox 428 1387 513 1432; x_wconf 87' lang='lat' dir='ltr'>sub</span> <span class='ocrx_word' id='word_1_77' title='bbox 531 1386 596 1444; x_wconf 89' lang='lat' dir='ltr'>Q.</span> <span class='ocrx_word' id='word_1_78' title='bbox 616 1386 779 1433; x_wconf 86' lang='lat' dir='ltr'>Mucio</span> <span class='ocrx_word' id='word_1_79' title='bbox 795 1385 1037 1438; x_wconf 85' lang='lat' dir='ltr'>Scaevola;</span> <span class='ocrx_word' id='word_1_80' title='bbox 1057 1385 1255 1450; x_wconf 83' lang='lat' dir='ltr'>denique</span> <span class='ocrx_word' id='word_1_81' title='bbox 1278 1403 1518 1432; x_wconf 87' lang='lat' dir='ltr'>causarum</span> 
     </span>
     <span class='ocr_line' id='line_1_17' title="bbox 429 1463 1516 1530; baseline 0.002 -21"><span class='ocrx_word' id='word_1_82' title='bbox 429 1463 567 1510; x_wconf 85' lang='lat' dir='ltr'>duces</span> <span class='ocrx_word' id='word_1_83' title='bbox 602 1478 647 1512; x_wconf 91' lang='lat' dir='ltr'>et</span> <span class='ocrx_word' id='word_1_84' title='bbox 680 1464 908 1530; x_wconf 78' lang='lat' dir='ltr'>magistros</span> <span class='ocrx_word' id='word_1_85' title='bbox 944 1465 1105 1512; x_wconf 89' lang='lat' dir='ltr'>habuit</span> <span class='ocrx_word' id='word_1_86' title='bbox 1144 1464 1400 1527; x_wconf 83' lang='lat' dir='ltr'>Sulpicium</span> <span class='ocrx_word' id='word_1_87' title='bbox 1439 1463 1516 1511; x_wconf 90' lang='lat' dir='ltr'>tri-</span> 
     </span>
     <span class='ocr_line' id='line_1_18' title="bbox 429 1542 1516 1606; baseline 0.002 -19"><span class='ocrx_word' id='word_1_88' title='bbox 429 1542 608 1589; x_wconf 88' lang='lat' dir='ltr'>bunum</span> <span class='ocrx_word' id='word_1_89' title='bbox 633 1542 801 1606; x_wconf 85' lang='lat' dir='ltr'>plebis,</span> <span class='ocrx_word' id='word_1_90' title='bbox 828 1556 873 1591; x_wconf 88' lang='lat' dir='ltr'>et</span> <span class='ocrx_word' id='word_1_91' title='bbox 894 1543 1134 1592; x_wconf 87' lang='lat' dir='ltr'>Molonem</span> <span class='ocrx_word' id='word_1_92' title='bbox 1158 1542 1411 1591; x_wconf 83' lang='lat' dir='ltr'>Rhodium.</span> <span class='ocrx_word' id='word_1_93' title='bbox 1461 1543 1516 1590; x_wconf 87' lang='lat' dir='ltr'>In</span> 
     </span>
     <span class='ocr_line' id='line_1_19' title="bbox 433 1620 1517 1687; baseline -0.001 -19"><span class='ocrx_word' id='word_1_94' title='bbox 433 1620 673 1668; x_wconf 78' lang='lat' dir='ltr'>Graeciam</span> <span class='ocrx_word' id='word_1_95' title='bbox 697 1635 742 1670; x_wconf 91' lang='lat' dir='ltr'>et</span> <span class='ocrx_word' id='word_1_96' title='bbox 765 1622 917 1670; x_wconf 85' lang='lat' dir='ltr'>Asiam</span> <span class='ocrx_word' id='word_1_97' title='bbox 942 1622 1195 1686; x_wconf 83' lang='lat' dir='ltr'>profectus,</span> <span class='ocrx_word' id='word_1_98' title='bbox 1220 1639 1431 1687; x_wconf 81' lang='lat' dir='ltr'>magnam</span> <span class='ocrx_word' id='word_1_99' title='bbox 1450 1620 1517 1668; x_wconf 90' lang='lat' dir='ltr'>in-</span> 
     </span>
     <span class='ocr_line' id='line_1_20' title="bbox 431 1699 1517 1750; baseline 0.003 -6"><span class='ocrx_word' id='word_1_100' title='bbox 431 1711 499 1745; x_wconf 87' lang='lat' dir='ltr'>ter</span> <span class='ocrx_word' id='word_1_101' title='bbox 529 1699 785 1748; x_wconf 79' lang='lat' dir='ltr'>clarissimos</span> <span class='ocrx_word' id='word_1_102' title='bbox 811 1702 1098 1750; x_wconf 86' lang='lat' dir='ltr'>Graecorum</span> <span class='ocrx_word' id='word_1_103' title='bbox 1123 1703 1336 1749; x_wconf 84' lang='lat' dir='ltr'>Oratores</span> <span class='ocrx_word' id='word_1_104' title='bbox 1360 1718 1517 1748; x_wconf 89' lang='lat' dir='ltr'>conse-</span> 
     </span>
     <span class='ocr_line' id='line_1_21' title="bbox 434 1779 1520 1828; baseline 0.004 -5"><span class='ocrx_word' id='word_1_105' title='bbox 434 1791 569 1825; x_wconf 87' lang='lat' dir='ltr'>cutus</span> <span class='ocrx_word' id='word_1_106' title='bbox 606 1794 672 1826; x_wconf 87' lang='lat' dir='ltr'>est</span> <span class='ocrx_word' id='word_1_107' title='bbox 709 1779 897 1827; x_wconf 85' lang='lat' dir='ltr'>nominis</span> <span class='ocrx_word' id='word_1_108' title='bbox 932 1780 1257 1828; x_wconf 85' lang='lat' dir='ltr'>celebritatem.</span> <span class='ocrx_word' id='word_1_109' title='bbox 1297 1779 1414 1827; x_wconf 88' lang='lat' dir='ltr'>Inde</span> <span class='ocrx_word' id='word_1_110' title='bbox 1456 1796 1520 1827; x_wconf 89' lang='lat' dir='ltr'>re-</span> 
     </span>
     <span class='ocr_line' id='line_1_22' title="bbox 434 1857 1519 1925; baseline 0.004 -24"><span class='ocrx_word' id='word_1_111' title='bbox 434 1872 588 1903; x_wconf 76' lang='lat' dir='ltr'>versus</span> <span class='ocrx_word' id='word_1_112' title='bbox 606 1895 617 1914; x_wconf 90' lang='lat'>,</span> <span class='ocrx_word' id='word_1_113' title='bbox 661 1860 848 1906; x_wconf 86' lang='lat' dir='ltr'>honores</span> <span class='ocrx_word' id='word_1_114' title='bbox 871 1877 1024 1906; x_wconf 81' lang='lat' dir='ltr'>omnes</span> <span class='ocrx_word' id='word_1_115' title='bbox 1061 1857 1283 1925; x_wconf 82' lang='lat' dir='ltr'>gradatim</span> <span class='ocrx_word' id='word_1_116' title='bbox 1309 1857 1519 1905; x_wconf 87' lang='lat' dir='ltr'>obtinuit.</span> 
     </span>
     <span class='ocr_line' id='line_1_23' title="bbox 435 1933 1532 2002; baseline 0 -21"><span class='ocrx_word' id='word_1_117' title='bbox 435 1933 720 1983; x_wconf 83' lang='lat' dir='ltr'>Graecorum</span> <span class='ocrx_word' id='word_1_118' title='bbox 746 1951 887 2002; x_wconf 81' lang='lat' dir='ltr'>atque</span> <span class='ocrx_word' id='word_1_119' title='bbox 909 1938 1178 1986; x_wconf 79' lang='lat' dir='ltr'>Latinorum</span> <span class='ocrx_word' id='word_1_120' title='bbox 1201 1936 1325 1986; x_wconf 77' lang='lat' dir='ltr'>bonis</span> <span class='ocrx_word' id='word_1_121' title='bbox 1351 1936 1532 1985; x_wconf 82' lang='lat' dir='ltr'>artibus.</span> 
     </span>
     <span class='ocr_line' id='line_1_24' title="bbox 435 2012 1520 2075; baseline 0.005 -18"><span class='ocrx_word' id='word_1_122' title='bbox 435 2012 647 2060; x_wconf 83' lang='lat' dir='ltr'>continuo</span> <span class='ocrx_word' id='word_1_123' title='bbox 668 2015 870 2073; x_wconf 74' lang='lat' dir='ltr'>vacavit,</span> <span class='ocrx_word' id='word_1_124' title='bbox 897 2030 1023 2064; x_wconf 83' lang='lat' dir='ltr'>tanto</span> <span class='ocrx_word' id='word_1_125' title='bbox 1044 2017 1225 2075; x_wconf 82' lang='lat' dir='ltr'>ardore,</span> <span class='ocrx_word' id='word_1_126' title='bbox 1253 2031 1308 2064; x_wconf 86' lang='lat' dir='ltr'>ut</span> <span class='ocrx_word' id='word_1_127' title='bbox 1332 2015 1428 2064; x_wconf 84' lang='lat' dir='ltr'>eius</span> <span class='ocrx_word' id='word_1_128' title='bbox 1452 2015 1520 2063; x_wconf 86' lang='lat' dir='ltr'>in-</span> 
     </span>
     <span class='ocr_line' id='line_1_25' title="bbox 433 2091 1521 2162; baseline 0.004 -24"><span class='ocrx_word' id='word_1_129' title='bbox 433 2091 568 2155; x_wconf 80' lang='lat' dir='ltr'>genio</span> <span class='ocrx_word' id='word_1_130' title='bbox 594 2107 638 2139; x_wconf 85' lang='lat' dir='ltr'>et</span> <span class='ocrx_word' id='word_1_131' title='bbox 663 2094 877 2142; x_wconf 81' lang='lat' dir='ltr'>industria</span> <span class='ocrx_word' id='word_1_132' title='bbox 899 2096 1096 2144; x_wconf 81' lang='lat' dir='ltr'>maiestas</span> <span class='ocrx_word' id='word_1_133' title='bbox 1123 2095 1412 2162; x_wconf 83' lang='lat' dir='ltr'>eloquentiae</span> <span class='ocrx_word' id='word_1_134' title='bbox 1429 2095 1521 2143; x_wconf 91' lang='lat' dir='ltr'>Ro-</span> 
     </span>
     <span class='ocr_line' id='line_1_26' title="bbox 432 2172 1516 2239; baseline 0.005 -24"><span class='ocrx_word' id='word_1_135' title='bbox 432 2186 590 2219; x_wconf 77' lang='lat' dir='ltr'>manae</span> <span class='ocrx_word' id='word_1_136' title='bbox 636 2173 694 2220; x_wconf 82' lang='lat' dir='ltr'>ad</span> <span class='ocrx_word' id='word_1_137' title='bbox 741 2191 973 2222; x_wconf 84' lang='lat' dir='ltr'>summum</span> <span class='ocrx_word' id='word_1_138' title='bbox 1020 2172 1190 2239; x_wconf 82' lang='lat' dir='ltr'>apicem</span> <span class='ocrx_word' id='word_1_139' title='bbox 1237 2173 1516 2239; x_wconf 81' lang='lat' dir='ltr'>pervenerit.</span> 
     </span>
    </p>
   </div>
  </div>
 </body>
</html>
