1683 2604
400 117 472 169 68
633 115 685 191 5.
711 121 778 170 X.
805 123 1007 173 Scan-r.
1032 124 1247 172 PRAEST.

471 200 846 252 APoLLoDoRus
864 203 1174 269 Pergamenus
1187 241 1197 261 ,
1214 220 1310 268 quo
1325 203 1491 270 Augu-

395 292 513 337 stus,
537 292 650 328 teste
677 281 922 338 Suetonio,
948 299 1060 330 usus
1084 297 1150 330 est
1178 281 1393 348 magistro
1428 281 1493 329 di-

396 357 555 417 cendi,
578 357 681 407 artis
717 360 992 409 Rhetoricae
1017 375 1261 426 praecepta
1299 359 1491 409 conscri—

396 436 485 503 psit
502 475 514 496 ,
539 452 586 485 et
624 453 771 487 sectae
797 439 1138 505 Apollodoreae
1163 453 1321 488 auctor
1344 438 1451 487 fuit.

475 518 792 568 THEODORUS
817 520 1085 579 Gadareus,
1109 518 1191 585 qui
1215 537 1259 568 se
1283 517 1371 566 dici
1395 537 1489 567 ma-

395 594 483 643 luit
507 597 746 645 Rhodium
766 637 777 658 ,
803 598 1046 648 Tiberium
1084 598 1330 647 Rhetorica
1367 597 1491 646 insti-

395 674 512 734 tuit,
533 688 580 724 et
605 690 746 740 caput
766 676 856 726 fuit
881 692 1025 727 sectae
1056 678 1454 726 Theodoreorum.

456 755 816 806 HERMAGORAS
839 756 1109 824 cognomine
1126 756 1313 814 Carion,
1333 756 1492 802 Theo-

397 832 496 880 dori
521 833 799 899 discipulus,
832 837 936 885 artis
956 835 1230 885 Rhetoricae
1254 847 1496 900 praecepta

395 911 587 976 scripsit,
611 929 656 962 et
675 916 853 965 Romae
874 915 1054 975 docuit,
1076 914 1158 963 ubi
1180 931 1318 963 senex
1336 913 1494 963 admo-

396 991 515 1048 dum
543 993 745 1042 decessit.

475 1071 696 1121 CESTms
715 1073 849 1132 Pius,
874 1073 1049 1138 Impius
1069 1072 1222 1138 potius
1247 1071 1397 1121 vocari
1418 1071 1498 1119 de-

396 1148 522 1209 buit,
546 1168 649 1199 nam
674 1151 764 1200 fuit
788 1152 1060 1217 Epicureus.
1099 1153 1278 1201 Romae
1314 1152 1495 1200 Rheto-

394 1226 531 1276 ricam
555 1229 714 1280 docuit
732 1233 953 1299 Augusto
977 1246 1023 1280 et
1046 1230 1234 1281 Tiberio
1270 1230 1493 1295 imperan⁶

395 1306 531 1356 tibus.

475 1388 591 1436 SEX.
612 1391 720 1438 IUL.
755 1390 1068 1447 GabinianUS,
1094 1387 1375 1438 celeberrimi
1410 1405 1492 1435 no-

398 1464 526 1514 minis
549 1469 750 1528 Rhetor,
776 1470 906 1517 cuius
929 1469 1280 1517 declamationes
1304 1467 1365 1515 ita
1389 1465 1491 1514 lau-

398 1544 477 1593 dat
500 1546 545 1595 S.
567 1548 867 1616 Hieronym.:
891 1549 1002 1615 „qui
1022 1548 1054 1596 si
1075 1547 1250 1596 flumen
1269 1546 1491 1612 eloquen-

398 1623 508 1684 tiae,
530 1639 574 1673 et
591 1627 826 1676 concinnas
851 1626 1202 1677 declamationes
1225 1625 1496 1683 desiderant,

399 1701 555 1769 legant
573 1706 807 1766 Tullium,
824 1707 1195 1768 Quintilianum,
1212 1704 1498 1765 Gallionem,

398 1781 758 1834 Gabinianum.”

474 1863 650 1912 Eadem
665 1879 812 1915 aetate
830 1866 986 1915 floruit
1001 1865 1207 1915 Contu?
1215 1880 1349 1913 1cms
1366 1863 1496 1922 Rhe<

398 1951 491 2000 tor,
516 1961 657 2007 quem
681 1959 915 1994 auctorem
939 1945 1076 1993 fuisse
1102 1943 1323 1992 librorum
1347 1944 1501 1990 rheto-

398 2018 595 2068 ricorum
625 2023 683 2070 ad
719 2025 1026 2082 Herennium,
1050 2022 1273 2088 peculiari
1297 2021 1502 2081 dissertass

399 2097 521 2148 tione
541 2103 807 2151 monstravit
828 2101 1269 2153 Schurtzfleischius.

476 2180 881 2242 Anommmus,
905 2182 1052 2232 Cestii
1077 2179 1357 2247 discipulus,
1395 2194 1503 2227 cum
