1731 2588
483 131 548 162 20
718 106 772 182 5.
797 113 864 171 X.
891 112 1090 162 Serum.
1117 114 1327 164 PRAEs-r.

478 210 594 242 ..-.a
610 191 894 240 Burmannis.
919 193 1076 241 Amst.
1111 207 1247 260 1745
1263 231 1273 242 .
1298 192 1416 244 Vol.
1442 210 1492 257 4.

477 313 557 322 —
569 272 800 337 Birmz'ng.
826 269 1046 319 Baskerv.
1080 286 1100 318 1
1114 287 1145 334 7
1158 285 1178 338 5
1193 288 1243 335 7.

477 351 531 400 In
553 348 635 397 fol.
652 368 677 397 a
697 350 853 397 Ioann.
867 348 1055 397 Ludov.
1081 348 1140 399 de
1164 349 1209 398 la
1224 350 1394 400 Cerda.
1411 352 1574 420 Lugd.

563 426 828 493 1612-19.
857 427 974 477 Vol.
1003 444 1048 492 3.

478 508 734 558 ...Paris.
761 520 861 574 typ.
881 508 1002 573 Reg.
1031 523 1049 555 1
1064 506 1191 570 641.

477 605 592 636 ...a
616 587 772 634 Ioann.
793 585 1003 652 Ogilvio.
1029 587 1176 635 Lond.
1211 602 1229 635 1
1246 586 1350 652 663
1366 626 1376 636 .

478 666 645 716 ...Ab
669 665 780 714 Ant.
801 664 1080 731 Ambrogio,
1105 683 1215 713 cum
1236 665 1427 730 picturis
1451 664 1577 715 Cod.

559 743 713 794 Vatic.
737 745 867 793 Rom.
903 759 921 791 1
935 742 1004 808 76
1018 759 1063 808 3.
1081 743 1196 793 Vol.
1220 760 1266 809 3.
1283 744 1387 793 Lat.
1406 757 1453 793 et
1471 742 1577 794 Ital.

882 863 1174 913 HORA‘rws.

561 982 626 1042 Q.
646 983 870 1032 Horatius
892 981 1116 1039 Flaccus,
1148 981 1426 1048 Lyricorum
1449 980 1581 1030 Prin-

483 1079 589 1125 ceps
609 1099 620 1119 ,
645 1060 847 1111 Venusii
871 1059 1075 1125 Apuliae
1107 1072 1236 1108 natus
1260 1073 1348 1118 est,
1373 1077 1490 1107 anno
1524 1060 1583 1108 ab

483 1142 550 1189 V.
573 1139 633 1188 C.
656 1155 950 1189 DCLXXXIX.
966 1177 977 1197 ,
1002 1151 1131 1203 patre
1155 1137 1382 1186 libertino.
1405 1139 1584 1187 Romae

483 1217 620 1266 literis
651 1217 999 1266 humanioribus
1035 1215 1277 1275 excultus,
1312 1215 1583 1280 praecipuos

484 1297 777 1346 Graecorum
802 1295 1050 1360 Scriptores
1080 1294 1344 1354 aemulatus
1381 1308 1470 1354 est,
1492 1311 1584 1343 ma·

485 1374 605 1422 xime
629 1373 896 1423 Pindarum.
923 1373 1120 1422 Patriam
1145 1373 1354 1440 linguam
1387 1373 1582 1439 diligen-

486 1451 650 1501 tissime
676 1451 899 1516 expolivit
918 1465 963 1500 et
978 1451 1123 1501 auxit.
1142 1451 1403 1501 Maecenati
1420 1465 1467 1501 et
1482 1452 1584 1500 Au-

488 1545 626 1598 gusto
647 1530 691 1578 in
717 1530 883 1579 deliciis
907 1529 1010 1579 fuit.
1055 1532 1274 1580 Denatus
1307 1543 1373 1579 est
1405 1532 1584 1580 Romae

489 1627 607 1657 anno
633 1608 789 1658 aetatis
813 1626 924 1668 Lv.,
963 1623 1009 1658 et
1047 1608 1177 1658 iuxta
1200 1608 1480 1658 Maecenatis
1504 1622 1584 1657 tu-

490 1688 680 1736 mulum
704 1687 928 1752 sepultus.
974 1687 1145 1737 Omnia
1169 1703 1276 1737 sunt
1313 1687 1360 1736 in
1392 1687 1587 1737 Horatio

494 1766 838 1833 elegantISSima‚
863 1779 974 1814 teste
991 1767 1247 1815 Morhofio:
1275 1765 1411 1814 dictio
1432 1765 1590 1825 nitida,

493 1844 603 1893 mira
624 1844 876 1903 urbanitaS,
898 1844 1009 1893 sales
1031 1844 1234 1903 candidi,
1265 1844 1509 1893 sententIae
1534 1862 1591 1894 ex

495 1923 652 1971 abdito
675 1936 849 1971 erutae.
889 1924 1098 1981 „Horatii
1123 1925 1278 1988 Opera
1302 1923 1446 1987 primo
1471 1922 1592 1971 edita

497 2015 603 2049 sunt
623 2003 797 2066 absque
822 2000 920 2049 ulla
943 2016 1049 2050 nota
1076 1997 1151 2064 4.⁰
1187 2001 1353 2051 deinde
1388 2003 1592 2052 Ferrar.

498 2093 546 2128 et
568 2081 765 2130 Mediol.
800 2095 817 2128 1
832 2096 958 2145 474.
989 2076 1058 2130 89
1081 2093 1127 2130 et
1149 2079 1233 2129 fol.
