1699 2620
540 105 762 154 Suom
784 104 846 152 A.
869 104 930 155 C.
954 107 994 154 1.
1262 126 1329 175 17

228 181 372 233 ratius
391 183 614 243 Flaccus,
654 197 702 233 et
734 182 851 233 forte
887 184 1101 234 Ovidius.
1130 188 1330 240 Lascivis

230 263 460 312 amoribus
506 263 777 328 dilapidavit
821 277 867 312 et
904 264 1147 314 maximam
1187 269 1329 322 bono-

227 361 332 391 rum
358 356 555 407 partem,
582 358 628 392 et
663 343 825 392 vitam:
849 361 956 392 nam
979 344 1158 394 iuvenis
1187 364 1329 398 xx1v

226 440 455 471 annorum
495 442 520 472 e
558 423 671 472 vivis
707 437 892 488 ereptus
931 437 1010 472 est.
1051 425 1176 473 Inter
1211 427 1327 476 Ovi-

226 501 361 550 dium
393 517 439 551 et
462 502 755 569 Propertium
782 502 965 551 medius
989 504 1174 567 ponitur
1204 523 1229 553 a
1260 507 1329 555 vi·-

225 581 284 632 ris
310 582 466 631 doctis.
493 582 817 644 Quintilianus
853 600 963 630 eum
984 597 1118 631 vocat
1149 583 1331 651 elegan-

227 674 322 711 tem
344 677 487 729 atque
510 676 698 712 tersum.
734 661 928 711 Exstant
952 660 1209 729 elegiarum
1244 664 1327 713 Ti-

228 740 352 790 bulli
374 742 478 792 libri
502 744 597 794 IV.

366 880 664 914 EDJTJONEs
705 878 1191 913 PRAEsz-ANrrost.

227 984 286 1035 In
314 980 386 1032 8.⁰
410 985 468 1033 ab
500 982 688 1032 Achille
713 983 859 1034 Statio
883 982 1123 1032 Lusitano.
1159 984 1326 1033 Vbnet.

315 1062 479 1131 1567.

227 1160 345 1193 -a
369 1142 543 1192 Christ.
569 1142 723 1193 Gottl.
747 1143 934 1210 Heyne.
958 1143 1093 1211 szps.
1126 1157 1289 1208 1777.

225 1223 285 1274 In
306 1218 379 1284 4.⁰
398 1240 424 1271 a
440 1222 601 1272 Ioann.
622 1221 906 1272 Broukusio.
927 1223 1086 1272 Amst.
1114 1237 1131 1270 1
1147 1238 1216 1286 70
1229 1224 1276 1271 8.

227 1319 346 1352 ...a
379 1303 537 1351 Ioann.
573 1303 687 1350 Ant.
707 1299 908 1365 Vulpio.
935 1302 1120 1351 Patav.
1145 1300 1332 1350 Comin.

315 1395 477 1445 1749·

616 1461 957 1510 PROPERTIUS.

307 1539 493 1589 Tibulli
532 1557 732 1589 coaevus
768 1539 860 1588 fuit
901 1540 1071 1589 Sextus
1109 1540 1337 1590 Aurelius

229 1619 523 1684 Propertius,
543 1620 746 1678 Umber,
769 1619 853 1685 qui
877 1620 1077 1668 Romam
1101 1619 1336 1684 profectus

229 1699 319 1747 sub
343 1699 592 1765 Augusto,
610 1716 821 1765 magnam
842 1698 1038 1762 adeptus
1058 1712 1123 1747 est
1147 1699 1336 1748 nominis

231 1776 546 1826 celebritatem
567 1779 626 1826 ob
644 1776 898 1826 carminum
917 1776 1210 1845 elegantiam.
1229 1778 1338 1828 Cal·

232 1856 487 1906 limachum
512 1857 691 1906 assidue
716 1857 905 1924 legebat
929 1871 976 1906 et
1009 1857 1170 1907 Coum
1187 1857 1338 1906 Phile-

235 1950 352 1996 tam,
374 1956 493 2004 quos
531 1937 811 1986 imitabatur.
853 1937 1166 1996 Facundiam,
1187 1937 1340 1986 erudi-

234 2016 427 2076 tionem,
453 2030 500 2066 et
521 2016 820 2066 dulcedinem
836 2016 1064 2082 Propertii
1085 2017 1344 2081 praedicant

236 2113 392 2144 omnes
417 2096 595 2162 antiqui
620 2109 665 2144 et
697 2098 990 2149 recentiores;
1030 2110 1076 2144 at
1111 2096 1341 2145 lasciviam

237 2173 338 2224 eius
352 2193 488 2225 nemo
504 2193 596 2225 non
611 2175 854 2242 improbat.
876 2176 1071 2228 Exstant
1093 2175 1234 2243 ipsius
1253 2175 1343 2225 ele·
