1699 2620
613 114 667 192 §-
709 121 775 170 X.

270 282 765 335 SCRIPTORES
831 283 1125 336 LATINI

406 437 1008 490 PRAESTANTIORES‚

151 585 248 627 QVI
290 585 425 618 ANTE
466 586 531 618 ET
573 587 694 619 POST
737 584 1034 619 VVLGATAM
1077 585 1248 618 AERAM

221 665 579 699 CHRISTIANAM
614 667 964 699 FLORVERVNT
1008 667 1177 704 VSQVE

440 745 508 777 AD
536 745 812 779 SAECVLVM
837 746 955 779 XIV.

270 893 506 940 SAECUL‘O
542 907 692 938 ANTE
729 890 1020 939 CHRISTUM
1049 887 1132 938 H,

410 1028 601 1078 mes
628 1028 989 1078 ANDRONICUS.

231 1164 371 1213 Anno
395 1182 419 1213 a
445 1164 669 1213 creatione
691 1163 855 1212 mundi
883 1177 1024 1229 3725
1047 1200 1058 1221 ,
1084 1164 1140 1210 ab
1162 1163 1253 1210 Vr-

153 1245 211 1293 be
237 1261 346 1292 vero
379 1243 561 1292 condita
594 1261 754 1291 DX111.
788 1243 962 1306 primus
995 1241 1122 1305 apud
1154 1243 1253 1289 Ro-

153 1340 310 1371 manos
334 1322 530 1370 carmina
555 1340 637 1370 sua
661 1321 881 1386 produxit
904 1321 949 1369 in
975 1338 1153 1368 scenam
1174 1319 1253 1368 Li-

155 1402 256 1451 vius
280 1401 596 1461 Andronicus,
621 1400 704 1467 qui
728 1399 850 1449 Livii
877 1398 1158 1458 Salinatoris,
1177 1417 1254 1447 cu-

152 1481 224 1530 ius
265 1496 361 1531 erat
402 1499 584 1539 servus,
616 1480 732 1529 filios
766 1479 1030 1529 erudiebat:
1062 1478 1139 1527 sed
1161 1478 1258 1527 eius

153 1560 369 1620 fabulae,
391 1574 507 1610 teste
530 1561 604 1609 M.
631 1559 796 1608 Tullio
831 1579 867 1603 »)
884 1577 975 1607 non
1016 1557 1118 1607 satis
1149 1557 1254 1625 dig-

154 1662 189 1686 „
206 1659 291 1689 nae
316 1655 446 1699 sunt,
474 1658 596 1706 quae
619 1639 784 1688 iterum
809 1639 1069 1705 legantur.''
1111 1638 1256 1685 Po'e'ta

155 1720 458 1787 semigraecus
482 1718 614 1767 audit
631 1717 758 1782 apud
776 1717 1130 1783 Tranquillum:
1148 1735 1255 1765 non-

156 1799 273 1848 dum
313 1799 434 1848 enim
471 1798 670 1847 Romani
704 1797 869 1846 Latine
908 1796 1142 1845 balbutire
1177 1796 1257 1845 de-

158 1879 342 1927 sierant.
386 1877 509 1927 Livii
542 1878 705 1941 scripta
739 1877 938 1925 citantur
971 1895 996 1924 a
1030 1875 1258 1926 veteribus

162 1957 509 2017 Grammaticis,
532 1975 588 2004 ex
607 1957 778 2023 quibus
801 1956 995 2004 collecta
1015 1969 1123 2003 sunt
1144 1955 1257 2022 frag-

162 2051 319 2086 menta
343 2037 598 2103 quaedam,
624 2054 744 2102 quae
769 2049 1005 2084 servantur
1025 2034 1070 2082 in
1095 2034 1259 2083 Colle-

166 2116 387 2166 ctionibus
412 2117 678 2166 Poetarum.
703 2115 832 2168 Vide
859 2115 911 2165 sis
929 2108 1155 2185 §.3414
