1683 2604
447 128 517 180 88
688 119 743 195 §
766 123 833 173 Χ.
859 124 1062 174 sempr.
1086 125 1299 174 PRAnsr.

885 246 1089 294 MAcER.

521 366 620 416 Sub
645 363 833 414 Aemilii
857 363 1007 413 Macri
1038 364 1219 415 nomine
1257 367 1425 417 Poe‘ma
1450 369 1535 419 cir-

443 445 694 496 cumfertur
710 445 769 494 de
785 445 1030 494 herbarum
1047 442 1311 506 virtutibus,
1329 447 1537 497 hexame-

442 526 517 576 tris
542 525 744 575 versibus
760 537 996 574 exaratum
1008 561 1020 583 ‚
1037 524 1164 589 quod
1181 524 1331 592 vulgo
1346 528 1403 575 ad
1420 530 1535 576 hanc

443 619 638 655 aetatem
663 603 873 653 refertur.
899 604 980 652 De
1006 602 1128 651 illius
1151 618 1336 654 auctore
1360 605 1422 654 ita
1436 625 1538 671 pro-

445 684 625 734 nuntiat
663 682 888 750 Scaliger:
932 683 1177 743 „Macrum
1188 721 1200 743 ,
1225 684 1306 750 qui
1331 685 1538 752 Augusti

444 764 534 813 fuit
558 778 787 828 tempore,
813 781 902 810 non
925 763 1050 810 hunc
1071 779 1186 822 esse,
1204 762 1335 811 cuius
1358 764 1415 813 de
1432 767 1535 813 her-

445 844 510 892 bis
535 841 852 891 circumfertur
875 846 1060 906 poema,
1080 841 1180 889 satis
1202 856 1387 890 constat.
1407 882 1415 890 .
1438 882 1446 891 .
1467 845 1538 892 .Is

444 922 607 990 igitur,
647 921 777 970 cuius
813 939 930 986 opus
969 920 1014 967 in
1056 920 1264 969 manibus
1302 923 1540 982 habemus,

444 1020 597 1067 neque
620 1002 762 1049 Poeta
796 1000 909 1058 fuit,
948 1017 1099 1065 neque
1125 1002 1274 1047 bonus
1297 1002 1534 1061 Medicus,

441 1099 594 1146 neque
615 1079 809 1129 sincerus
834 1079 1149 1128 versificator⁴''
1180 1079 1355 1128 Prodiit
1372 1082 1534 1130 Venet.

444 1177 516 1224 ap,
540 1159 651 1207 Ald.
693 1176 800 1206 cum
819 1157 1016 1207 Medicis
1034 1157 1243 1223 antiquit.
1271 1174 1290 1206 1
1309 1172 1431 1227 547.
1453 1160 1535 1208 fol.

442 1253 491 1287 et
533 1237 710 1286 seorsim
750 1255 808 1286 ex
847 1235 1064 1303 recognit.
1099 1238 1256 1285 Ioann.
1291 1238 1498 1287 Cornarii
1521 1275 1536 1299 ,

443 1314 755 1383 Francofurti
780 1332 800 1364 1
819 1331 940 1385 540.
972 1310 1046 1365 8.⁰
1071 1329 1117 1364 et
1140 1333 1272 1381 saepe
1295 1317 1415 1367 alias.

815 1435 876 1485 A.
911 1436 1159 1486 GELLms.

521 1557 827 1622 Temporibus
851 1555 1072 1605 Antonini
1096 1556 1166 1605 Pii
1198 1555 1355 1606 floruit
1379 1557 1536 1607 Aulus

443 1635 646 1696 Gellius,
672 1636 778 1695 sive,
805 1650 859 1684 ut
884 1636 1064 1701 Lipsius
1084 1637 1289 1696 mavult,
1306 1637 1539 1704 Agellius‚

443 1718 702 1774 Romanus,
723 1716 804 1781 qui
828 1716 1064 1764 tenerrima
1085 1730 1231 1765 aetate
1254 1717 1426 1765 scholas
1446 1716 1536 1764 fre·

441 1810 663 1862 quentare
711 1795 879 1860 coepit.
943 1796 1000 1844 In
1044 1795 1364 1844 Grammaticis
1403 1813 1534 1861 prae-

434 1890 675 1939 ceptorem
711 1875 874 1923 habuit
911 1872 1228 1939 Apollinarem
1260 1874 1535 1938 Sulpiciumz

443 1953 487 2003 in
512 1954 764 2003 Rhetoricis
788 1969 944 2003 autem
965 1954 1238 2003 Cornelium
1255 1953 1537 2003 Frontonem

442 2048 490 2082 et
508 2035 567 2081 T.
586 2034 877 2082 Castricium.
896 2034 1081 2098 Scripsit
1097 2033 1360 2098 politissime
1381 2049 1428 2083 et
1449 2032 1539 2082 ele-

441 2112 720 2180 gantissime,
759 2127 874 2162 teste
900 2113 1130 2162 salmasio.
1173 2115 1219 2163 S.
1241 2114 1541 2179 Augustinus

441 2209 550 2241 eum
575 2206 708 2240 vocat
741 2193 892 2241 virum
928 2192 1246 2260 elegantiSSImi
1267 2192 1465 2259 eloquii,
1489 2205 1535 2241 et
