1699 2620
466 80 686 132 SAEcum
707 78 761 129 P.
785 79 844 130 C.
868 79 908 130 Ι.
1195 96 1217 151 ς
1227 100 1263 147 7

157 161 241 211 lib.
263 160 359 210 XI
362 160 424 211 V
437 199 449 221 ,
473 179 580 210 cum
605 160 751 209 altero
771 160 829 209 de
857 163 1160 232 Spectaculis,
1177 164 1264 216 Ve-

155 252 249 293 ηπ.
272 241 361 291 sine
381 240 488 291 anni
508 255 640 302 nota,
659 256 705 290 et
730 242 842 291 ibid.
876 258 894 290 1
909 259 1038 307 470.

313 387 595 420 EDITIONES
627 387 1102 423 PRAESTANTIORES.

156 483 216 535 In
244 478 364 533 8.‘’'a
383 484 572 534 Ludov.
599 483 764 543 Smids,
787 484 947 532 Amst.
979 501 1083 548 170
1099 501 1144 533 1.

152 582 272 617 ...a
294 566 464 613 Thom.
486 563 773 631 Fitzgerald,
796 564 944 613 Lond.
980 580 999 612 1
1014 581 1082 628 72
1101 580 1119 612 1
1134 603 1144 612 .

155 647 215 698 In
237 640 310 707 4⁰
335 643 382 693 in
400 662 537 694 usum
560 643 743 709 Delph.
767 662 794 693 a
815 643 955 694 Vinc.
975 643 1263 705 Collessone,

234 726 401 773 Paris.
434 740 452 772 1
468 724 496 772 6
509 724 536 774 8
549 742 595 772 ο.

155 804 213 856 In
236 802 322 854 fol.
347 822 455 852 cum
480 818 574 852 not.
600 821 696 854 var.
724 817 771 854 et
788 803 937 853 Indice
952 804 1134 872 Langii‚
1155 807 1258 855 Pa-

231 886 317 933 ris.
346 900 365 931 1
381 884 409 932 6
426 900 444 931 1
459 900 508 949 7.

149 981 270 1015 ...a
291 964 534 1014 Matthaeo
558 964 770 1023 Radero,
795 964 1016 1032 Mogunt.
1054 980 1073 1013 1
1090 964 1118 1012 6
1132 981 1155 1012 2
1166 981 1217 1029 7.

553 1085 859 1135 IUVENAms.

229 1205 305 1256 Ex
328 1204 518 1274 Aquino
534 1205 819 1257 Volscorum
839 1205 1011 1272 oppido
1034 1207 1258 1276 originem

148 1284 287 1335 duxit
309 1286 538 1335 Decimus
564 1285 732 1334 Iunius
747 1286 998 1346 Iuvenalis,
1025 1288 1256 1356 Satyrico-

146 1383 253 1417 rum
271 1365 404 1415 facile
420 1366 642 1431 princeps.
665 1366 725 1425 Is,
751 1383 859 1414 cum
880 1366 1064 1414 nimiam
1082 1367 1256 1418 Paridis

145 1444 369 1494 histrionis
388 1446 515 1511 apud
540 1445 869 1495 Domitianum
892 1446 1084 1513 gratiam
1110 1461 1157 1496 et
1177 1467 1256 1513 po-

145 1524 338 1574 tentiam
363 1525 647 1593 sugillasset3
685 1544 711 1573 a
751 1525 950 1575 Caesare
983 1529 1068 1575 sub
1105 1529 1258 1592 specie

144 1604 327 1653 honoris
342 1608 459 1654 urbe
476 1620 723 1654 semmotus
742 1619 807 1654 est
820 1644 832 1664 ‚
850 1619 896 1653 et
914 1605 959 1652 in
972 1607 1256 1674 Aegyptum

96 1716 102 1724 ι
143 1683 393 1751 relegatus.
424 1687 623 1735 Romam
659 1698 762 1750 post
786 1684 1045 1734 Domitiani
1075 1687 1255 1736 obitum

143 1781 375 1824 reversus,
401 1766 596 1814 carmina
625 1783 705 1814 sua
729 1781 897 1832 magno
922 1765 1114 1830 plaussu
1140 1767 1253 1816 reci-

141 1844 284 1898 tavit3
308 1844 453 1895 donec
475 1848 532 1894 ab
553 1845 791 1895 Hadriano
812 1845 980 1894 iterum
996 1846 1041 1894 in
1062 1847 1253 1896 exilium

142 1922 304 1973 missus
328 1938 416 1986 est,
441 1944 538 1992 quo
563 1925 704 1973 vitam
742 1925 901 1975 amisit.
924 1928 1007 1976 De
1048 1928 1150 1977 stilo
1171 1927 1253 1976 Iu.-

142 2003 316 2053 venalis
332 2004 393 2053 ita
409 2005 580 2055 iudicat
598 2006 747 2054 Olaus
764 2006 1040 2055 Borrichius:
1063 2008 1252 2057 amarior

141 2096 211 2132 est
230 2084 448 2143 Horatio,
469 2085 654 2134 Lucilio
675 2086 848 2145 mitior,
869 2086 1025 2135 Persio
1047 2087 1252 2154 denique

137 2162 353 2230 apertior.
373 2165 570 2217 Exstant
593 2165 716 2217 iuius
741 2167 945 2233 satyrae
968 2167 1129 2218 XVI.
1167 2165 1250 2238 <si
