1683 2604
394 138 462 200 86
639 133 693 209 5.
717 138 783 187 X.
806 139 1007 190 Scmmr.
1027 139 1241 189 PRAEST.

387 218 610 270 Hadriani
635 218 932 283 temporibus.
972 219 1085 268 Eius
1124 217 1236 267 nihil
1264 233 1488 284 superest,

386 314 566 365 praeter
591 298 857 358 versiculos,
890 316 1094 365 quorum
1122 297 1328 347 meminit
1349 299 1487 364 Spar-

388 379 552 427 tianus.

465 460 744 509 ANNIANUS
758 498 770 519 ‚
791 459 921 508 cuius
945 458 1182 524 ingenium
1203 470 1250 506 et
1269 457 1489 507 eruditio-

388 556 493 587 nem
533 539 825 587 commendat
864 540 926 587 A.
965 537 1179 597 Gellius,
1221 537 1492 603 scriptorum

386 617 501 666 nihil
526 618 775 682 posteritati
795 618 997 683 reliquit.

465 698 605 746 IUL11
630 697 795 757 Pauli,
823 697 953 746 cuius
978 696 1115 746 etiam
1139 695 1345 746 meminit
1367 694 1489 746 Gel-

388 776 504 834 lius,
527 776 721 825 carmina
741 778 930 841 periere.

401 883 407 887 -
465 857 687 905 MARCUS
731 856 968 905 Marullus
1000 856 1160 905 mimos
1201 854 1363 904 docuit
1406 854 1493 902 sub

388 936 606 998 Imperat.
625 938 771 995 Vero,
788 950 834 985 et
850 938 923 985 M.
941 935 1178 985 Antonino
1195 934 1492 997 Philosopho.

387 1013 500 1062 Eius
517 1014 745 1080 quidquid
761 1014 866 1074 fuit,
883 1030 1146 1079 temporum
1166 1013 1327 1062 iniuria
1342 1010 1492 1077 periit.

765 1136 1116 1185 SAMMomcus.

468 1256 806 1321 Imperantibus
827 1255 1050 1320 Septimio
1087 1255 1281 1312 Severo,
1303 1252 1493 1318 eiusque

390 1335 485 1384 filio
507 1335 746 1385 Caracalla
761 1373 772 1393 ‚
795 1335 953 1383 floruit
975 1335 1042 1394 Q.
1064 1334 1261 1383 Serenus
1285 1332 1490 1382 Sammo-

389 1415 517 1462 nicus
565 1414 809 1478 multiplici
854 1413 1056 1462 doctrina
1075 1450 1086 1471 ‚
1130 1411 1213 1477 qui
1259 1410 1494 1477 sexaginta

390 1495 593 1542 duorum
646 1493 842 1541 millium
891 1493 1114 1541 librorum
1168 1489 1493 1538 bibliothecam

392 1573 698 1637 comparavit,
723 1587 770 1621 et
792 1572 996 1621 eiusdem
1020 1569 1209 1618 nominis
1230 1568 1348 1627 filio,
1374 1569 1494 1618 Gor-

390 1653 514 1700 diani
537 1652 721 1700 iunioris
759 1651 1072 1717 praeceptori,
1097 1661 1366 1698 testamento
1389 1646 1494 1695 reli-

390 1731 509 1797 quit.
551 1733 626 1779 Ex
650 1731 745 1779 eius
769 1731 940 1796 scriptis
964 1743 1146 1779 tantum
1169 1739 1374 1792 superest
1398 1743 1495 1774 car-

391 1829 498 1859 men
519 1811 577 1860 de
598 1810 820 1860 medicina
845 1825 890 1860 et
911 1811 1176 1858 morborum
1195 1804 1417 1854 remediis.

526 1950 828 1981 EDITIONES
869 1942 1362 1979 PRAESTANTIORES.

393 2056 452 2104 In
489 2049 556 2101 8.⁰
596 2071 622 2101 a
656 2053 779 2101 Rob.
815 2049 1122 2108 Keuchenio,
1146 2048 1304 2097 Amst.
1336 2044 1494 2095 1662.

482 2130 841 2197 1668.1706.

393 2211 612 2267 4....inter.
628 2216 839 2277 potimata
865 2225 1009 2260 veter.
1031 2210 1086 2259 P.
1109 2205 1289 2258 Pithoei
1305 2243 1318 2268 ‚
1342 2203 1497 2272 Lugd,

476 2305 523 2340 et
540 2294 721 2343 Genev.
750 2307 768 2339 1
789 2305 808 2360 5
826 2290 912 2355 96.
