1683 2604
426 117 494 171 62
658 110 712 185 §.
736 113 803 164 X.
830 114 1030 164 Seium.
1051 115 1263 165 PRAEST.

499 196 638 245 CAN1
647 212 702 243 us
723 192 903 252 Rufus,
921 194 1063 242 Po'eta
1081 195 1357 254 Gaditanus,
1373 215 1514 263 quem

420 277 510 324 risu
537 274 754 322 continuo
788 273 1039 321 distentum
1065 282 1294 337 comparat
1318 276 1510 325 Martia-

419 355 472 402 lis
500 372 605 402 cum
639 353 737 402 Dei
768 351 898 400 Panis
923 350 1120 418 imagine
1146 353 1347 412 ridente,
1390 373 1514 420 quae

418 434 543 497 apud
563 434 821 481 Tarentum
838 430 882 477 in
902 449 1061 494 campo
1077 431 1249 480 Martio
1265 431 1510 482 visebatur.

496 514 810 560 LICINIANUS
825 548 835 568 ‚
852 510 1015 568 Poeta,
1038 509 1143 559 civis
1163 510 1411 571 Martialis,
1432 512 1513 579 qui

421 592 478 640 ad
502 609 609 640 eum
631 590 693 638 ita
715 589 887 638 scribit:

496 671 590 719 Vir
607 670 834 718 celtiberis
856 686 936 716 non
959 669 1148 717 tacende
1163 670 1396 736 gentihus,

497 750 798 813 Nostraeque
823 748 926 796 laus
942 749 1233 816 Hispaniae,

533 829 688 876 ‘'idebis
709 829 856 876 altam
872 862 887 882 ,
913 827 1152 875 Liciniam
1162 861 1177 884 ,
1199 827 1427 884 Bilbilim,

497 908 648 972 Equis
673 918 718 955 et
743 907 890 955 armis
912 906 1109 953 nobilem.

497 987 705 1034 VICTOR
728 983 966 1034 Voconius
980 1021 991 1042 ,
1014 1001 1156 1049 quem
1175 983 1350 1034 Plinius
1369 984 1514 1033 iunior

419 1063 613 1113 maxime
640 1063 824 1121 dilexit,
847 1062 1071 1112 Hadriani
1094 1080 1284 1128 quoque
1304 1064 1510 1128 Impera·

417 1143 523 1191 toris
548 1142 788 1191 amicitiam
812 1140 1081 1189 carminibus
1105 1141 1194 1189 suis
1215 1141 1396 1190 meruit.

498 1223 775 1271 PAssOENus
802 1220 980 1268 Paulus
995 1259 1005 1278 ,
1022 1219 1287 1284 splendidus
1307 1238 1447 1286 eques
1467 1233 1513 1270 et

420 1301 608 1350 celebris
633 1302 775 1348 Poeta
797 1301 1058 1358 Romanus,
1081 1298 1210 1347 cuius
1234 1298 1388 1366 elegos
1411 1299 1445 1348 si
1463 1300 1510 1348 in

419 1398 606 1428 manum
623 1378 851 1437 sumseris,
870 1377 1019 1444 inquit
1036 1377 1233 1437 Plinius,
1259 1377 1382 1445 leges
1399 1397 1514 1443 opus

418 1471 611 1518 tersum,
634 1457 797 1515 molle,
822 1456 1104 1515 iucundum,
1122 1468 1167 1504 et
1187 1455 1323 1520 plane
1343 1456 1390 1504 in
1405 1458 1512 1505 Pro-

417 1538 551 1602 pertii
574 1538 713 1586 domo
737 1535 1002 1600 scriptum.''

494 1619 800 1667 VERGINIUS
824 1615 1088 1672 Romanus,
1119 1614 1373 1663 comoedias
1401 1614 1508 1663 scri-

416 1696 526 1760 psit,
567 1694 905 1752 Menandrum,
949 1693 1198 1753 Plautum,
1237 1694 1509 1743 Terentium

416 1775 618 1840 aliosque
641 1787 839 1822 secutus.
879 1773 961 1821 De
994 1771 1074 1818 illo
1116 1772 1177 1820 ita
1216 1771 1387 1820 iudicat
1412 1771 1507 1820 Pli-

415 1854 539 1902 nius:
566 1871 656 1900 non
682 1852 748 1899 illi
772 1851 858 1906 vis,
879 1868 970 1899 non
993 1849 1243 1918 granditas,
1261 1868 1352 1898 non
1373 1851 1508 1899 subli-

415 1932 565 1989 mitas,
590 1949 679 1978 non
704 1930 982 1989 amaritudo,
1021 1946 1112 1978 non
1147 1927 1378 1990 dulcedo,
1416 1947 1505 1979 non

417 2010 543 2075 lepos
567 2009 756 2059 defuit.'’
