1699 2620
537 147 759 196 SAEcum
786 143 847 193 A.
874 143 935 193 C.
959 143 999 192 I.
1251 161 1276 208 3
1295 159 1317 192 1

221 227 373 276 Lucio
404 223 643 275 Cornellio
667 223 852 284 Sullae,
892 222 1024 271 cuius
1055 220 1146 272 fuit
1183 220 1323 271 liber-

221 319 319 366 tus,
343 303 634 372 gratissimus

297 386 556 434 LABERms
582 383 752 442 Hiera,
777 382 1140 441 Grammaticu3‚
1162 382 1320 432 docuit

218 464 333 513 inter
376 479 547 514 ceteros
587 462 846 512 clarissimos
882 462 1001 511 viros
1031 464 1233 511 Brutum
1274 475 1321 510 et

218 542 445 593 Cassium.

298 623 534 673 Connus
567 623 706 672 Nicia
726 660 738 682 ,
777 622 1119 673 Grammaticus
1145 658 1158 681 ,
1181 620 1318 670 valde

218 701 446 752 familiaris
465 702 651 771 Attico,
689 702 748 752 ad
776 721 916 769 quem
939 701 1105 752 Cicero
1127 701 1188 750 ita
1212 700 1317 750 scri-

219 781 309 831 bit:
336 783 415 832 De
437 781 602 842 Nicia,
637 782 766 849 quod
790 781 962 842 scribis,
992 782 1026 831 si
1050 782 1113 831 ita
1136 799 1210 829 me
1233 783 1318 829 ha-

218 862 399 921 berem,
421 875 477 910 ut
501 861 598 910 eius
623 862 909 911 humanitate
933 860 1027 911 frui
1051 879 1251 926 possem,
1271 859 1317 909 in

216 940 370 1005 primis
394 940 566 989 vellem
591 959 774 989 mecum
797 941 934 989 illurn
959 939 1176 989 habere.”

297 1021 537 1069 LENAEUS
554 1059 566 1079 ,
598 1020 960 1078 Grammaticus,
987 1019 1070 1086 qui
1095 1018 1317 1082 Pompeio

216 1100 439 1149 continuo
459 1099 684 1158 adhaesit,
721 1114 766 1148 et
805 1099 1008 1148 scholam
1027 1100 1230 1157 Romae,
1270 1097 1316 1146 in

216 1179 394 1228 Carinis
417 1180 475 1227 ad
498 1167 883 1228 Telluris-aedem
906 1179 1103 1243 aperuit.

294 1259 541 1320 Qum‘rus
567 1258 829 1317 Caecilius,
852 1258 1065 1323 Epir-ota,
1090 1257 1234 1307 Attici
1258 1257 1312 1305 li-

215 1339 394 1397 bertus,
418 1337 617 1386 scholam
638 1337 818 1402 aperuit
840 1339 1018 1387 Romae
1037 1376 1048 1396 ‚
1073 1352 1118 1386 et
1141 1337 1314 1401 primus

213 1417 422 1465 omnium
443 1415 723 1484 Virgilium,
763 1430 809 1465 et
845 1435 986 1465 novos
1020 1417 1181 1465 Po'e'tas
1205 1415 1314 1464 alios

210 1497 452 1564 perlegere
477 1496 629 1561 coepit
654 1496 881 1545 studiosae
906 1496 1152 1545 iuventuti.

290 1579 362 1625 M.
385 1578 620 1626 VERRIUS
637 1576 859 1635 Flaccus,
882 1576 1222 1625 Grammaticus
1244 1574 1311 1622 in·

211 1655 368 1722 signis,
402 1655 484 1722 qui
507 1657 564 1705 ab
588 1656 811 1722 Augusto
833 1655 991 1703 studiis
1017 1654 1121 1703 Caii
1143 1669 1188 1702 et
1210 1656 1313 1702 Lu-

211 1735 266 1783 cii
290 1749 445 1800 nepot.
466 1734 749 1800 praefectus,
772 1735 951 1784 Romae
978 1734 1022 1781 in
1042 1733 1211 1798 palatio
1237 1734 1314 1781 clo-

212 1814 323 1864 cuit.
364 1813 552 1880 Scripsit
591 1814 739 1862 multa
760 1853 770 1873 ‚
807 1832 864 1862 ex
898 1813 1068 1880 quibus
1107 1827 1310 1877 prostant

213 1893 466 1960 fragmenta
488 1893 716 1960 quaedam
741 1893 856 1942 inter
892 1907 1098 1942 auctores
1122 1892 1312 1941 Latinae

213 1973 428 2040 Linguae
451 1974 598 2023 Dion.
625 1973 922 2023 Gothofredi.
950 1992 995 2021 v.
1021 1968 1157 2042 §.KR

292 2054 489 2103 Lucms
515 2053 780 2112 Crassitius,
803 2052 984 2101 Fasides
1010 2069 1054 2100 et
1076 2053 1219 2100 Pansa
1235 2068 1311 2098 co·

212 2132 525 2198 gnominatus‚
567 2132 641 2181 cui
680 2132 869 2181 iuvenes
895 2132 1030 2179 multi
1055 2149 1100 2180 et
1123 2129 1312 2185 nobiles,

213 2226 260 2262 et
281 2211 326 2260 in
349 2213 416 2262 his
437 2211 535 2262 Iul.
555 2211 786 2263 Antonius
803 2211 1055 2261 Triumviri
1076 2210 1139 2259 fil.
1160 2207 1314 2257 traditi
