1699 2620
656 117 712 195 §2
754 122 895 175 VII.
1185 142 1333 180 xxm

241 247 326 296 De
351 247 608 295 imitatione
628 255 674 294 et
700 246 810 295 stilo
833 246 1094 316 Scriptores
1117 248 1310 314 aliquot.

295 368 458 418 Ioann.
484 366 740 425 Sturmius,
780 367 863 415 De
885 366 1043 416 amissa
1062 368 1236 417 ratione
1261 369 1332 418 di-

216 447 376 508 cendi,
404 465 512 495 cum
542 445 844 496 animadvers.
875 446 1037 495 Ioann.
1062 450 1210 497 Henr.
1234 451 1329 498 Ac-

215 526 332 577 keri.
371 528 656 577 Rudolstad.
692 528 1038 595 1715..-De
1079 528 1329 580 imitatione

213 607 409 658 oratoria
433 607 539 657 libri
558 609 653 657 ΠΙ.
677 609 938 676 Argentor.
967 623 985 656 1
1005 608 1130 675 576.

290 688 442 739 Lilius
460 689 611 755 Greg.
631 687 874 756 Gyraldus
887 727 898 746 ,
916 687 1126 753 Epistola
1143 690 1200 739 de
1220 689 1320 739 imi-

211 769 409 831 tatione,
447 769 603 820 addita
628 768 822 834 Operib.
847 768 991 818 eiusd.
1028 770 1186 839 Lugd.
1210 771 1320 820 Ba-

208 860 316 900 tav.
352 851 515 917 1696.

288 931 430 997 Casp.
473 930 718 996 Scioppius
736 968 748 990 ,
787 931 869 980 De
909 945 1031 979 recta
1081 931 1317 981 Ciceronis

205 1009 483 1065 imitatione3
509 1024 659 1060 exstat
681 1010 727 1058 in
754 1010 1114 1060 exercitationib.
1142 1012 1316 1060 Rheto-

201 1089 319 1140 ricis.
337 1093 498 1141 Amst.
524 1107 542 1141 1
558 1091 587 1140 6
599 1090 627 1140 6
640 1110 781 1141 ομ...-
792 1091 1112 1140 Animadvers.
1131 1091 1176 1139 in
1194 1092 1260 1141 G.
1273 1094 1313 1142 Ι,

202 1171 338 1221 Vosii
362 1172 442 1222 lib.
463 1172 522 1221 de
543 1172 662 1221 vitiis
683 1171 911 1220 sermonis.
928 1173 1116 1222 Patav.
1149 1188 1168 1222 1
1183 1171 1312 1235 646.

198 1254 511 1302 ...Ravenm
541 1268 560 1300 1
577 1251 969 1317 647.-.Amst.
1003 1269 1021 1301 1
1039 1252 1166 1302 660.

279 1332 397 1383 Ger.
418 1335 579 1383 Ioann.
595 1332 790 1382 Vossius
803 1370 813 1390 ‚
831 1333 913 1381 De
929 1331 1182 1382 imitatione
1201 1350 1309 1383 cum

196 1413 389 1462 oratoria
403 1452 414 1472 ,
437 1427 540 1462 tum
557 1411 807 1478 praecipue
827 1411 1006 1477 poetica
1021 1450 1033 1471 ‚
1070 1412 1224 1480 deque
1242 1431 1309 1461 re·

195 1490 412 1543 citatione
436 1507 667 1542 veterum.
690 1494 851 1543 Amst.
879 1507 898 1540 1
915 1491 1042 1556 647.

274 1572 523 1623 Christian.
544 1573 759 1623 Weisius
771 1611 783 1631 ,
821 1571 1049 1623 Curiosae
1068 1572 1305 1641 cogitatio·

193 1667 272 1702 nes
292 1653 351 1702 de
373 1653 641 1704 imitatione.
665 1655 804 1724 Lips.
836 1668 853 1700 1
871 1651 898 1700 6
912 1669 940 1717 9
953 1652 1000 1701 8.

270 1734 431 1783 Ioann.
451 1736 661 1801 August.
683 1732 907 1783 Krebsius
921 1772 932 1792 ,
950 1732 1188 1783 Institutio
1205 1735 1303 1783 bre-

189 1811 256 1861 vis
281 1813 340 1863 de
362 1814 613 1864 imitatione
637 1815 817 1864 verbor.
841 1828 887 1862 et
905 1832 1076 1863 rerum.
1099 1815 1300 1882 Coburg.

199 1908 362 1960 1709.

266 1975 486 2026 Richard.
504 1976 740 2036 Ketelius,
753 1975 1028 2026 Dissertatio
1047 1978 1105 2026 de
1123 1972 1297 2025 ratione

185 2052 391 2105 imitandi
416 2056 613 2122 optimos
637 2056 832 2106 Latinae
858 2056 997 2124 Ling.
1027 2058 1294 2122 Scriptores,

183 2137 426 2198 praemissa
451 2137 717 2202 Scriptorib.
738 2136 914 2187 selectis
936 2138 995 2187 de
1026 2134 1294 2204 elegantiori

183 2213 451 2267 Latinitate.
477 2219 639 2268 Amst.
677 2234 694 2265 1
710 2233 774 2283 71
794 2233 839 2281 3.
