1699 2620
418 147 423 151 ·
456 123 678 173 SAEcum
704 122 759 171 P.
783 123 843 173 C.
869 125 911 173 Ι.
1168 122 1234 188 83

286 268 564 303 EDITIONES
598 270 1068 303 PRAESTANTIORES.

126 365 185 416 In
215 361 285 415 8.⁰
305 368 390 415 De
410 367 807 433 aquaeductibus,
835 378 881 417 et
902 370 1186 434 Strategem.
1211 384 1238 415 a

143 480 153 481 κ
202 446 325 495 Rob.
347 447 643 507 Keuchenio,
664 450 824 496 Amst.
862 463 880 494 1
897 447 966 495 66
983 463 1025 494 1.

125 527 496 593 -Strategenu
556 546 582 575 a
643 527 808 576 Franc.
878 526 1233 591 Oudendorpio,

202 606 361 674 Lugd.
387 607 581 656 Batav.
617 623 718 672 173
737 624 778 655 1.
810 623 829 656 1
846 624 975 672 779.

121 685 178 735 In
196 682 270 748 4⁰
291 688 376 736 De
394 687 674 753 aquaeduct.
701 699 747 735 et
788 689 1072 756 Strategem.
1097 706 1122 735 a
1142 688 1233 736 Pe-

200 779 273 814 tro
298 766 539 826 Scriverio‚
560 768 720 834 Lug-d.
743 769 937 817 Batav.
974 785 992 815 1
1009 768 1138 832 607.

120 847 495 915 -Strategem
531 866 556 896 a
593 848 753 896 Ioann.
793 847 996 913 Sulpitio
1019 886 1031 908 ‚
1055 850 1232 898 Romae
1253 879 1257 884 ‚

217 927 380 991 1487.

122 1009 300 1058 -De
324 1008 603 1072 aquaeduct.
632 1027 657 1057 a
691 1010 851 1058 Ioann.
878 1008 1085 1067 Poleno,
1131 1009 1235 1057 Pa-

155 1131 158 1134 ⁴
202 1099 310 1135 tav.
342 1101 360 1134 1
375 1103 444 1152 72
460 1103 506 1135 2.

202 1166 332 1216 Libri
356 1167 412 1215 de
436 1185 657 1235 agrorum
694 1171 929 1235 qualitate
949 1207 960 1229 ,
985 1169 1039 1216 de
1075 1169 1234 1217 limiti-

123 1250 232 1304 bus,
255 1260 302 1295 et
341 1247 397 1295 de
421 1251 603 1297 coloniis
635 1264 814 1297 exstant
840 1249 959 1297 inter
985 1247 1237 1311 Scriptores

123 1326 467 1395 agrimensorios
492 1328 636 1377 editos
654 1330 822 1378 Paris.
855 1344 872 1376 1
893 1343 913 1396 5
934 1343 1017 1396 54.
1044 1322 1118 1389 4⁰

496 1449 835 1499 ‘humma

202 1569 441 1619 Palladius
476 1571 686 1621 Rutilius
724 1572 910 1620 Taurus
935 1570 1236 1630 Aemilianus,

123 1649 409 1714 temporibus
433 1651 643 1710 Traiani,
667 1665 723 1698 ut
747 1651 956 1710 videtur,
983 1650 1155 1715 scripsit
1180 1650 1236 1697 li-

100 1731 228 1777 'bros
248 1730 396 1778 XIV.
415 1730 471 1778 de
494 1733 568 1779 Re
609 1734 814 1789 rustica,
838 1730 1037 1779 dictione
1062 1728 1236 1794 simpli-

122 1808 192 1867 cis,
225 1827 309 1858 nec
350 1808 615 1876 ineleganti.
655 1813 852 1859 Exstant
894 1811 939 1858 in
977 1811 1236 1877 Systemate

122 1889 410 1954 Scriptorum
430 1890 522 1940 Rei
545 1891 758 1941 rusticae.
785 1910 830 1941 v.
852 1885 905 1961 §.
929 1890 1023 1939 XI.
1045 1907 1094 1952 4.

569 2012 786 2063 Cusus.

201 2130 381 2182 Primus
419 2133 535 2182 inter
558 2133 746 2183 Latinos
769 2135 987 2185 Medicus
1007 2135 1232 2185 Aurelius

121 2211 370 2263 Cornelius
395 2213 593 2274 Celsus,
616 2216 880 2275 Romanus,
908 2234 1104 2265 coaevus
1130 2215 1230 2265 Co-
