1683 2604
468 178 491 213 1
512 178 532 211 1
549 179 572 212 2
697 155 753 231 §.
777 160 843 210 X.
869 161 1073 211 Seium.
1095 161 1312 211 PRAEST.

459 240 802 300 Theodosium,
837 255 885 290 et
918 240 1174 291 Arcadium
1217 239 1345 289 datis,
1389 240 1559 292 Omnia.

461 322 603 380 mala,
626 339 746 387 quae
770 322 995 384 rempub.
1018 333 1132 368 tunc
1156 319 1369 385 temporis
1407 339 1554 388 urge-

460 404 594 458 bant,
618 399 836 466 neglectis
861 399 1186 464 superstitionis
1208 400 1376 463 patriae
1398 400 1560 450 ritibus

459 479 765 530 adscribebat:
804 479 882 528 cui
921 479 1185 546 Symmachi
1219 478 1474 528 calumniae
1507 481 1557 529 S.

459 560 756 626 Augustinus
774 598 785 617 ,
824 574 966 624 atque
992 558 1179 608 Orosius
1211 558 1368 607 Presb.
1388 558 1558 623 Hispa-

461 658 549 689 nus
593 639 943 702 responderunt.
992 639 1039 688 S.
1072 637 1374 687 Ambrosium
1420 637 1559 704 longe

460 718 830 784 eloquentiorem
878 736 971 766 esse
1025 719 1304 785 Symmacho
1354 731 1559 766 asserunt

460 797 733 856 Boecleru5,
756 812 803 847 et
819 797 1086 846 Walchius.
1132 797 1207 844 Ex
1228 796 1442 845 omnibus
1462 796 1562 845 eius

459 877 631 941 scriptis
655 892 838 926 tantum
862 891 1106 941 supersunt
1130 875 1232 924 libri
1251 877 1318 925 X.
1346 874 1559 940 epistola·

459 974 563 1005 rum
588 957 647 1005 ad
682 957 900 1015 diversoe,
938 955 1021 1022 qui
1059 955 1331 1021 prodierunt
1360 954 1563 1021 prImum

460 1037 759 1103 Argentinae
793 1053 811 1084 1
831 1050 852 1103 5
873 1052 891 1083 1
907 1053 954 1082 o.
982 1030 1053 1096 4⁰

617 1181 896 1213 EDITIONES
942 1179 1412 1213 PRAESTANTIORES.

461 1280 518 1329 In
547 1276 617 1328 8.⁰
639 1298 663 1327 a
684 1280 854 1327 Iacobo
880 1279 1040 1337 Letio,
1063 1280 1244 1329 Genev.
1280 1294 1299 1327 1
1318 1292 1338 1346 5
1354 1279 1444 1343 98.

460 1376 611 1408 -ex
645 1376 813 1406 recens.
836 1360 995 1406 Ioann.
1019 1357 1222 1422 Philippi
1244 1359 1397 1417 Parei‚
1421 1357 1561 1407 Nea-

526 1439 631 1505 poli
650 1438 896 1486 Nemetum
933 1453 952 1485 1
968 1436 995 1484 6
1013 1453 1030 1484 1
1044 1448 1094 1502 7'.
1125 1452 1144 1485 1
1160 1437 1188 1485 6
1203 1453 1226 1484 2
1242 1438 1312 1496 8.,
1333 1451 1380 1486 et
1397 1439 1561 1486 Fran-

542 1512 624 1582 cos.
655 1531 673 1563 1
690 1516 816 1577 642.

461 1596 519 1646 In
547 1590 617 1656 4⁰
641 1613 666 1642 a
692 1595 854 1643 Franc.
877 1596 1060 1655 Iureto,
1086 1597 1253 1645 Paris.
1279 1611 1299 1644 1
1316 1594 1443 1658 604.

464 1691 580 1723 -a
606 1673 747 1740 Casp.
774 1673 1011 1740 Scioppio,
1035 1677 1256 1744 stingum.
1281 1691 1300 1725 1
1316 1674 1444 1738 642.

887 1794 1144 1845 AVIENUS.

539 1913 699 1962 Rufus
729 1914 898 1963 Festus
934 1914 1168 1973 Avienus,
1202 1914 1468 1980 Hispanus,
1505 1928 1564 1966 ut

464 1992 667 2039 creditur
693 2031 704 2051 ,
752 1993 868 2041 vixit
924 1995 1205 2058 temporibus
1256 1995 1466 2044 Gratiani
1516 2010 1565 2045 et

463 2070 728 2120 Theodosii.
753 2071 884 2120 Arati
888 2074 1203 2142 phaenomena
1227 2072 1448 2138 expressit
1464 2092 1560 2124 ver-

462 2148 585 2197 sibus
609 2150 892 2199 hexametris.
920 2152 1106 2217 Scripsit
1127 2152 1262 2201 etiam
1289 2154 1557 2223 metaphra-

459 2230 530 2278 sin
542 2231 833 2299 periegeseos
851 2230 1066 2301 Dionysii
1081 2232 1399 2284 Alexandrini.
1415 2234 1555 2293 Item,
