1699 2620
482 145 706 196 SAEeum
730 144 784 193 P.
803 143 950 196 C.11.
1194 164 1261 220 95

165 237 372 277 asserunt
408 225 716 284 Bertrandus,
738 226 1015 294 Menagius,
1035 228 1271 289 Hahnius‚

165 308 307 366 Otto,
325 319 372 355 et
389 304 610 373 Wieling
624 344 634 364 ‚
655 304 842 354 celebris
865 304 959 356 fuit
993 306 1109 356 inter
1124 309 1272 359 ICtos
1340 356 1343 357 ⁷

163 385 448 450 temporibus
466 385 675 451 Septimii
696 384 855 435 Severi
875 400 921 434 et
938 388 1161 436 Antonini
1178 389 1270 438 Ca·

159 465 369 515 racallae.
413 465 599 531 Scripsit
639 467 907 529 Quaestz'on.
934 468 1074 515 libros
1099 469 1268 519 VIII.

163 548 337 599 ...De
374 548 608 595 castrensi
630 547 810 616 peculio
836 547 914 594 lib.
955 548 1125 614 singul.
1169 548 1265 597 Ex·

157 640 278 677 stant
298 626 552 693 fragmenta
574 626 620 673 in
643 625 900 675 Pandectis.

238 707 438 773 ARRms
478 706 738 756 Menander
786 706 942 755 floruit
979 708 1066 756 sub
1109 708 1269 759 iisdem

156 786 532 852 Imperatoribus.
572 785 757 852 Scripsit
791 788 873 837 De
898 805 949 835 re
981 787 1187 837 militari
1206 791 1265 837 li-

157 868 263 916 bros
299 868 400 916 IV.
445 885 650 934 quorum
703 865 960 934 fragmenta
1000 881 1178 917 exstant
1218 869 1266 919 in.

157 946 416 997 PandectiS.

581 1029 843 1079 Ius’rmUS.

232 1107 317 1158 De
353 1107 518 1158 Iustini
555 1108 650 1157 vita
689 1123 737 1157 et
776 1108 900 1157 factis
937 1108 1049 1157 nihil
1079 1128 1262 1174 prorsus

153 1188 267 1237 certi
285 1190 525 1237 habemus.
567 1189 668 1239 Sub
690 1178 938 1237 Antoninis
967 1190 1259 1252 Imperatori-

153 1269 243 1318 bus
264 1267 468 1317 floruisse
481 1307 492 1327 ‚
510 1268 764 1317 verosimile
780 1268 967 1317 videtur
985 1269 1101 1317 Ger.
1121 1271 1258 1318 Ioan-

153 1346 200 1396 ni
216 1348 535 1397 Vossio.Cum
550 1348 728 1397 Iustino
745 1348 919 1397 Christi
929 1349 1139 1416 Martyre
1159 1368 1258 1414 per·

152 1445 313 1493 peram
349 1441 553 1476 nostrum
587 1427 830 1476 confundit
853 1427 1087 1476 Martinus
1115 1428 1255 1477 Polo-

151 1524 241 1556 nus
265 1507 312 1555 in
338 1507 589 1558 Chronico,
607 1508 681 1556 Ex
703 1508 898 1557 XLIV.
922 1507 1258 1569 voluminibus,

152 1587 325 1653 quibus
342 1589 529 1655 Trogus
545 1587 797 1653 Pompeius
815 1587 954 1635 totius
976 1588 1166 1648 mundi,
1179 1589 1258 1638 sed

152 1667 357 1716 Graecas
402 1667 691 1732 potissimum
716 1666 943 1715 Historias
984 1668 1257 1732 complexus

150 1760 243 1806 est,
267 1747 491 1812 excerpsit
510 1747 719 1796 Iustinus
740 1765 862 1813 quae
880 1746 1069 1814 cognitu
1091 1747 1170 1796 sibi
1193 1748 1256 1796 di-

150 1825 363 1893 gnissima
388 1827 688 1887 videbantur,
713 1841 760 1875 et
783 1826 951 1875 florum
968 1826 1101 1893 quasi
1118 1830 1256 1877 breve

151 1907 488 1971 corpusculum
527 1906 651 1956 fecit.
695 1907 866 1974 Trogi,
904 1907 987 1973 qui
1027 1909 1111 1955 sub
1130 1907 1256 1956 Iulio

149 1985 348 2053 Caesare
371 1987 511 2047 vixit,
533 1989 674 2036 verba
690 1987 1031 2052 propemodum
1049 1986 1252 2037 retinuit:

149 2066 280 2114 unde
316 2066 432 2115 nihil
469 2067 638 2116 mirum
676 2066 710 2116 si
747 2067 864 2116 inter
912 2085 1069 2115 omnes
1110 2067 1254 2117 huius

150 2145 310 2194 aetatis
331 2147 389 2195 L.
411 2147 469 2195 L.
495 2147 745 2212 Scriptores
769 2161 916 2197 tersus
940 2165 1079 2213 quam
1106 2146 1252 2194 maxi-

150 2241 225 2274 me
264 2239 312 2275 et
348 2225 533 2295 elegans
558 2228 799 2278 habeatur.
839 2226 1014 2277 Prodiit
1049 2226 1253 2293 primum
