1699 2620
461 110 685 162 SAECULI
710 107 764 160 P.
782 107 844 161 C.
862 108 1012 162 XIII.
1184 131 1204 166 1
1221 117 1291 184 87

181 228 187 235 -
227 204 236 211 “
257 195 592 247 RAYMUNDUS
616 191 835 252 Martini,
878 194 994 242 ord.
1037 194 1294 247 Praedicat‚

181 277 336 343 Pugio
361 272 530 331 Fidei,
567 290 678 321 cum
703 273 1096 323 observationibus
1134 277 1296 339 Iacobi

185 356 243 404 de
269 351 434 404 Voisin
452 391 464 412 ,
489 353 656 402 Paris.
690 369 709 401 1
726 353 853 422 651.
880 352 961 401 fol.
995 369 1042 403 et
1082 372 1189 403 cum
1224 356 1296 404 in-

183 433 476 485 troductione
501 431 735 483 Benedict.
776 433 1049 499 Carpzovii‚
1096 436 1296 506 Lzspsiae

192 530 213 565 1
229 515 258 563 6
271 515 356 579 87.
379 512 460 562 fol.

243 596 537 645 'HENRmUs
579 594 637 645 de
670 595 808 656 Suse,
852 594 947 646 sive
988 596 1046 646 de
1084 598 1297 665 Segufia,

184 675 328 726 Card.
355 674 596 732 Ostiensis,
627 677 811 726 Summa
834 676 1092 737 Ostiensis,
1117 679 1295 726 Romae

192 771 214 806 1
229 771 355 820 473.
388 771 551 820 1477.
578 769 625 804 et
644 756 753 804 alibi
777 757 1086 821 ωερε-..ἰή
1105 760 1297 824 quinque

187 826 435 888 De'b'ressal.
462 836 601 885 libros
619 872 635 893 ,
661 838 826 885 Paris.
856 853 876 884 1
895 851 915 903 5
937 855 955 886 1
975 856 1020 886 2.

266 917 639 965 THEODORICUS
666 916 726 964 de
751 917 1005 981 Appoldia,
1028 917 1146 966 Ord.
1162 919 1302 966 Prae-

186 996 323 1045 dicat.
345 996 469 1045 Vita
505 997 552 1045 S.
574 998 816 1046 Dominicz'
832 998 1131 1050 Γιιηιῖαέονίς
1170 999 1302 1046 lib-ris

189 1076 367 1128 VIII.
409 1093 481 1140 ap.
519 1073 712 1124 Surium
737 1075 795 1123 ad
821 1075 866 1123 d.
887 1091 914 1143 ,5
943 1076 1172 1142 Augusti.

268 1156 541 1205 HEchns
569 1154 913 1215 Gandavensis,
938 1155 1161 1220 Archie‘p.
1183 1158 1303 1205 Tor-

191 1253 370 1287 nacens.
395 1237 579 1284 Summa
603 1236 646 1283 Τ
647 1237 815 1301 lzeolog.
851 1237 1019 1285 Paris.
1051 1252 1070 1283 1
1091 1250 1110 1303 5
1129 1252 1307 1287 20...«

193 1316 474 1379 Quodlibeta
495 1315 708 1382 leeolog.
751 1317 918 1364 Paris.
956 1331 974 1363 1
996 1329 1017 1383 5
1038 1331 1054 1362 1
1072 1316 1119 1364 8.
1152 1315 1234 1363 fol.
1261 1331 1310 1365 et

196 1397 359 1446 Vbnet.
395 1410 413 1442 1
430 1394 457 1442 6
475 1408 557 1462 15.
589 1394 706 1443 Vol.
732 1411 776 1443 2.
809 1394 1078 1445 fol.-.-De
1102 1398 1226 1444 viris
1250 1398 1309 1443 il*

196 1476 424 1530 lustribus
442 1514 454 1535 ,
495 1490 684 1524 curanze
722 1476 882 1523 Ioann.
924 1474 1037 1524 Alb.
1080 1474 1309 1535 Fabricio,

199 1557 483 1622 Hamhurgi
510 1572 527 1603 1
543 1572 575 1620 7
589 1572 607 1603 1
627 1556 673 1604 8.
697 1555 778 1604 fol.

280 1636 618 1688 GUJLIELMUS
635 1637 880 1686 Durantes
893 1676 903 1695 ,
921 1637 1014 1685 sive
1033 1636 1315 1695 Durandus,

201 1715 460 1780 Episcopus
485 1715 750 1764 Mimatens.
774 1717 819 1764 in
838 1717 999 1766 Gallia
1018 1716 1317 1782 Aquitanica,

200 1796 463 1855 Rationale⁸
506 1797 793 1846 Divinarum
830 1797 1031 1865 Gfficz'or.
1069 1809 1163 1844 una
1209 1813 1321 1844 cum

203 1875 411 1941 Speculo
427 1876 563 1933 Iuris,
583 1890 628 1925 et
644 1877 946 1941 Repertorio,
967 1877 1126 1943 thgd.
1155 1890 1173 1923 1
1194 1889 1213 1943 5
1236 1891 1253 1922 1
1269 1873 1318 1922 6.

205 1971 255 2005 et
290 1972 307 2003 1
327 1971 348 2023 5
367 1969 388 2023 5
409 1970 452 2004 1.
475 1971 521 2005 et
545 1955 657 2004 alibi
679 1958 1240 2022 saepe..-Commentar.
1274 1957 1320 2002 in

207 2037 418 2088 Canones
438 2037 606 2085 Concil,
625 2038 953 2104 Lugdunensis
968 2075 978 2094 ,
1003 2036 1142 2090 Fani
1159 2051 1177 2082 1
1199 2049 1217 2102 5
1235 2034 1261 2082 6
1275 2050 1302 2098 9
1314 2071 1323 2081 .

213 2110 372 2178 4⁰...-
388 2116 702 2167 Breviarz'um
726 2120 1005 2167 Glossarum
1033 2127 1078 2162 et
1097 2115 1141 2163 T
1142 2127 1324 2162 extuum

214 2195 354 2247 Iuris
374 2197 618 2257 Canonici,
639 2197 805 2247 Paris.
835 2213 853 2245 1
874 2211 894 2265 5
915 2212 931 2244 1
950 2212 997 2261 9.
1028 2189 1098 2243 8.0
1120 2197 1328 2259 Mogun-

1062 2289 1090 2321 P
